2017-01-01D00:03:29.538288,0.00828,4,BUY
2017-01-01D00:07:24.725716,0.00831,100,BUY
2017-01-01D00:07:40.529753,0.00832,259,BUY
2017-01-01D00:12:51.304974,0.00835,2,BUY
2017-01-01D00:12:55.138171,0.00835,98,BUY
2017-01-01D00:16:11.511940,0.00844,2,BUY
2017-01-01D00:17:44.710965,0.00847,4,BUY
2017-01-01D00:17:44.710965,0.00848,209,BUY
2017-01-01D00:18:06.920875,0.00849,100,BUY
2017-01-01D00:18:06.920875,0.00849,1500,BUY
2017-01-01D00:18:06.920875,0.00853,120,BUY
2017-01-01D00:18:06.920875,0.00853,1500,BUY
2017-01-01D00:18:13.548826,0.00852,1,BUY
2017-01-01D00:18:47.243037,0.00853,10,BUY
2017-01-01D00:55:22.287504,0.00852,4,BUY
2017-01-01D00:55:22.287504,0.00852,100,BUY
2017-01-01D00:55:22.287504,0.00853,500,BUY
2017-01-01D02:19:12.084430,0.00857,10,BUY
2017-01-01D02:23:55.729558,0.00857,90,BUY
2017-01-01D02:25:54.829512,0.00859,100,BUY
2017-01-01D02:25:54.829512,0.0086,100,BUY
2017-01-01D02:26:43.864725,0.00867,45,BUY
2017-01-01D02:29:49.694168,0.00873,2,BUY
2017-01-01D02:30:31.880146,0.00875,10,BUY
2017-01-01D02:30:43.620806,0.00876,4,BUY
2017-01-01D02:30:43.620806,0.00879,6,BUY
2017-01-01D02:30:52.053714,0.00879,10,BUY
2017-01-01D02:31:10.826962,0.0088,25,BUY
2017-01-01D02:33:57.708398,0.0088,975,BUY
2017-01-01D02:33:57.708398,0.00885,25,BUY
2017-01-01D02:35:03.390138,0.00883,500,BUY
2017-01-01D02:36:51.720141,0.00876,57,SELL
2017-01-01D02:45:21.992705,0.00875,141,SELL
2017-01-01D02:46:02.279386,0.00875,65,SELL
2017-01-01D02:46:06.496681,0.00875,30,SELL
2017-01-01D02:46:07.202273,0.00875,40,SELL
2017-01-01D02:46:08.666344,0.00875,86,SELL
2017-01-01D02:46:10.505638,0.00875,21,SELL
2017-01-01D02:46:12.740045,0.00875,117,SELL
2017-01-01D02:46:22.545448,0.00872,66,SELL
2017-01-01D02:54:35.405113,0.00869,11,SELL
2017-01-01D02:54:59.902294,0.00869,1,SELL
2017-01-01D03:21:14.868018,0.00879,12,BUY
2017-01-01D03:23:06.518582,0.00888,4,BUY
2017-01-01D03:23:06.518582,0.0089,8,BUY
2017-01-01D03:27:07.900388,0.0089,2,BUY
2017-01-01D03:27:07.900388,0.00891,3,BUY
2017-01-01D03:28:07.766384,0.00894,5,BUY
2017-01-01D03:40:46.379672,0.00882,10,SELL
2017-01-01D03:41:34.446517,0.00891,4,BUY
2017-01-01D03:41:34.446517,0.00892,96,BUY
2017-01-01D04:41:23.867200,0.0088,4,BUY
2017-01-01D04:41:23.867200,0.00881,222,BUY
2017-01-01D04:41:23.867200,0.00881,1274,BUY
2017-01-01D05:22:22.545003,0.00877,20,SELL
2017-01-01D05:22:23.365189,0.00877,21,SELL
2017-01-01D05:22:27.124709,0.00877,26,SELL
2017-01-01D05:22:27.710328,0.00877,33,SELL
2017-01-01D05:52:06.083179,0.00871,100,SELL
2017-01-01D05:52:06.083179,0.00869,116,SELL
2017-01-01D05:52:07.311814,0.00869,4,SELL
2017-01-01D06:01:19.440506,0.0086,5,SELL
2017-01-01D06:04:53.407615,0.00866,5,BUY
2017-01-01D06:31:56.928634,0.00866,4,BUY
2017-01-01D06:46:56.313509,0.0087,100,BUY
2017-01-01D06:46:56.313509,0.0087,4,BUY
2017-01-01D07:05:12.653257,0.00872,500,SELL
2017-01-01D07:20:53.652287,0.00874,4,BUY
2017-01-01D07:30:06.540693,0.00875,4,BUY
2017-01-01D07:30:06.540693,0.00876,331,BUY
2017-01-01D07:36:22.005257,0.00872,608,SELL
2017-01-01D08:00:04.459604,0.00872,892,SELL
2017-01-01D08:28:10.461885,0.00869,5,SELL
2017-01-01D08:28:11.816003,0.00869,18,SELL
2017-01-01D08:28:15.819452,0.00869,477,SELL
2017-01-01D09:32:22.480840,0.00867,100,SELL
2017-01-01D09:32:22.480840,0.00867,500,SELL
2017-01-01D09:33:46.878280,0.00865,500,SELL
2017-01-01D09:34:14.406500,0.00865,295,SELL
2017-01-01D09:36:10.904405,0.00865,205,SELL
2017-01-01D10:06:02.286120,0.0086,98,SELL
2017-01-01D10:06:02.964381,0.0086,2,SELL
2017-01-01D10:06:06.685924,0.00854,205,SELL
2017-01-01D10:06:08.181972,0.00853,8,SELL
2017-01-01D10:06:09.290981,0.00853,2,SELL
2017-01-01D10:08:01.501217,0.00852,5,SELL
2017-01-01D10:08:09.984108,0.00852,5,SELL
2017-01-01D10:10:54.786949,0.00852,90,SELL
2017-01-01D10:11:27.718838,0.00849,100,SELL
2017-01-01D10:12:32.530721,0.00844,400,SELL
2017-01-01D10:19:06.370422,0.0084,100,SELL
2017-01-01D10:19:16.513636,0.00836,1500,SELL
2017-01-01D10:19:16.847726,0.00834,1500,BUY
2017-01-01D10:19:36.529098,0.00832,100,SELL
2017-01-01D10:19:36.529098,0.00832,908,SELL
2017-01-01D10:22:29.773380,0.00836,12,BUY
2017-01-01D10:22:31.553489,0.00836,88,BUY
2017-01-01D10:22:50.896792,0.00837,100,BUY
2017-01-01D11:00:58.683071,0.00836,100,SELL
2017-01-01D11:00:58.683071,0.00836,1500,SELL
2017-01-01D11:01:05.148047,0.00835,77,SELL
2017-01-01D11:01:05.148047,0.00834,1500,SELL
2017-01-01D11:01:05.148047,0.00834,4,SELL
2017-01-01D11:01:05.148047,0.00832,39,SELL
2017-01-01D11:43:42.941798,0.0084,100,BUY
2017-01-01D11:52:29.248506,0.00837,100,SELL
2017-01-01D11:52:29.248506,0.00837,100,SELL
2017-01-01D12:25:58.347827,0.00833,100,BUY
2017-01-01D12:26:17.416622,0.00835,15,BUY
2017-01-01D12:26:24.924828,0.00834,5,BUY
2017-01-01D12:40:46.336387,0.00834,95,BUY
2017-01-01D12:45:51.344990,0.00835,185,BUY
2017-01-01D12:45:51.344990,0.00835,100,BUY
2017-01-01D12:45:51.344990,0.00839,200,BUY
2017-01-01D12:45:51.344990,0.00839,4,BUY
2017-01-01D12:45:51.344990,0.0084,11,BUY
2017-01-01D13:02:53.857073,0.00843,100,BUY
2017-01-01D13:57:44.902549,0.00846,50,BUY
2017-01-01D14:01:05.734454,0.00846,4,SELL
2017-01-01D14:01:05.734454,0.00846,77,SELL
2017-01-01D14:01:13.405898,0.00846,4,BUY
2017-01-01D14:06:14.055750,0.00847,50,BUY
2017-01-01D14:06:14.055750,0.00848,100,BUY
2017-01-01D14:21:37.523065,0.00846,100,BUY
2017-01-01D14:48:01.030385,0.00842,50,SELL
2017-01-01D14:48:06.549056,0.00842,50,SELL
2017-01-01D14:52:55.695162,0.00842,4,BUY
2017-01-01D14:52:55.695162,0.00842,100,BUY
2017-01-01D15:11:14.078559,0.00841,100,SELL
2017-01-01D15:55:12.291771,0.00852,100,BUY
2017-01-01D16:01:38.365775,0.00851,10,BUY
2017-01-01D16:01:45.230992,0.00853,100,BUY
2017-01-01D16:02:16.492238,0.00853,100,BUY
2017-01-01D16:06:02.252234,0.00853,100,BUY
2017-01-01D16:06:02.252234,0.00854,100,BUY
2017-01-01D16:13:47.139194,0.0085,100,SELL
2017-01-01D16:13:47.139194,0.0085,100,SELL
2017-01-01D16:39:28.264168,0.00846,100,SELL
2017-01-01D16:40:22.163170,0.0084,100,SELL
2017-01-01D16:43:25.979542,0.00837,10,SELL
2017-01-01D16:43:25.979542,0.00834,100,SELL
2017-01-01D16:43:25.979542,0.00833,90,SELL
2017-01-01D16:48:01.553575,0.00832,100,SELL
2017-01-01D16:53:54.731257,0.00832,100,BUY
2017-01-01D16:55:20.185330,0.00833,10,BUY
2017-01-01D16:56:01.662940,0.00833,80,BUY
2017-01-01D16:56:48.572797,0.00833,10,BUY
2017-01-01D16:56:48.572797,0.00836,50,BUY
2017-01-01D17:01:08.018124,0.00828,100,SELL
2017-01-01D17:01:08.018124,0.00827,4,SELL
2017-01-01D17:01:15.628984,0.00827,955,BUY
2017-01-01D17:01:16.426769,0.00827,955,BUY
2017-01-01D17:02:03.949050,0.00826,955,SELL
2017-01-01D17:02:03.949050,0.00826,10,SELL
2017-01-01D17:02:03.949050,0.00826,100,SELL
2017-01-01D17:02:24.253679,0.00824,150,SELL
2017-01-01D17:03:13.343809,0.00827,100,BUY
2017-01-01D17:04:29.680811,0.00828,100,BUY
2017-01-01D17:05:51.554281,0.00828,100,SELL
2017-01-01D17:18:59.929858,0.00823,100,SELL
2017-01-01D17:19:03.823671,0.00822,100,SELL
2017-01-01D17:20:14.940661,0.00822,134,SELL
2017-01-01D17:20:14.940661,0.00821,24,SELL
2017-01-01D17:22:09.204851,0.00821,100,SELL
2017-01-01D17:22:20.587466,0.0082,80,SELL
2017-01-01D17:22:20.587466,0.0082,4,SELL
2017-01-01D17:22:20.587466,0.00819,10,SELL
2017-01-01D17:22:20.587466,0.00818,1532,SELL
2017-01-01D17:22:25.199255,0.00819,100,SELL
2017-01-01D17:43:33.270781,0.00829,100,BUY
2017-01-01D17:43:33.270781,0.0083,100,BUY
2017-01-01D17:43:33.270781,0.0083,4,BUY
2017-01-01D17:43:33.270781,0.00831,196,BUY
2017-01-01D17:58:21.478284,0.00833,100,BUY
2017-01-01D17:58:21.478284,0.00833,4,BUY
2017-01-01D17:58:21.478284,0.00833,696,BUY
2017-01-01D18:01:05.260839,0.00833,1,BUY
2017-01-01D18:01:06.334374,0.00833,1,BUY
2017-01-01D18:13:02.714447,0.00831,10,BUY
2017-01-01D19:35:27.208674,0.00831,3,BUY
2017-01-01D20:03:11.333293,0.00825,100,SELL
2017-01-01D20:24:21.275358,0.00822,10,SELL
2017-01-01D20:24:21.275358,0.00822,100,SELL
2017-01-01D20:24:31.516212,0.00817,4,SELL
2017-01-01D20:24:51.407151,0.00816,75,SELL
2017-01-01D20:24:51.407151,0.00815,100,SELL
2017-01-01D20:24:51.407151,0.00815,526,SELL
2017-01-01D20:34:06.315115,0.00815,5,SELL
2017-01-01D20:34:16.508551,0.00813,100,SELL
2017-01-01D20:34:16.508551,0.00813,78,SELL
2017-01-01D20:34:16.508551,0.00812,4,SELL
2017-01-01D20:34:16.508551,0.00812,867,SELL
2017-01-01D20:35:19.689875,0.0081,101,SELL
2017-01-01D20:35:19.689875,0.0081,100,SELL
2017-01-01D20:35:19.689875,0.00809,275,SELL
2017-01-01D20:35:25.523297,0.00808,115,BUY
2017-01-01D20:36:08.725183,0.00808,10,SELL
2017-01-01D20:36:08.725183,0.00808,76,SELL
2017-01-01D20:36:08.725183,0.00807,100,SELL
2017-01-01D20:36:11.949971,0.00807,76,BUY
2017-01-01D20:36:15.912091,0.00807,49,BUY
2017-01-01D20:36:40.085025,0.00807,20,BUY
2017-01-01D20:36:42.475935,0.00807,20,BUY
2017-01-01D20:37:17.962631,0.00807,4,SELL
2017-01-01D20:37:17.962631,0.00806,445,SELL
2017-01-01D20:43:18.927681,0.00807,100,BUY
2017-01-01D20:43:46.802270,0.00808,100,BUY
2017-01-01D20:43:46.802270,0.00809,804,BUY
2017-01-01D20:52:51.278966,0.00807,5,SELL
2017-01-01D20:52:57.631451,0.00809,25,BUY
2017-01-01D20:52:58.016467,0.00809,25,BUY
2017-01-01D20:52:58.407676,0.00809,25,BUY
2017-01-01D20:53:04.437534,0.00809,25,BUY
2017-01-01D20:53:52.149176,0.00811,1,BUY
2017-01-01D20:53:54.250239,0.00811,1,BUY
2017-01-01D20:55:21.886960,0.00811,10,BUY
2017-01-01D21:01:35.432536,0.00806,10,SELL
2017-01-01D21:06:56.884174,0.00805,100,SELL
2017-01-01D21:07:19.175260,0.00803,10,SELL
2017-01-01D21:07:40.411066,0.00804,100,BUY
2017-01-01D21:08:11.554905,0.00804,100,BUY
2017-01-01D21:08:11.554905,0.00805,4,BUY
2017-01-01D21:08:11.554905,0.00805,866,BUY
2017-01-01D21:09:20.132830,0.00803,100,SELL
2017-01-01D21:09:20.132830,0.00802,100,SELL
2017-01-01D21:09:20.132830,0.008,10,SELL
2017-01-01D21:09:20.132830,0.00799,4,SELL
2017-01-01D21:09:20.132830,0.00797,286,SELL
2017-01-01D23:09:37.012256,0.00809,4,BUY
2017-01-01D23:09:37.012256,0.00809,100,BUY
2017-01-01D23:09:37.012256,0.0081,1500,BUY
2017-01-01D23:12:16.882913,0.00811,100,BUY
2017-01-01D23:12:16.882913,0.00812,100,BUY
2017-01-01D23:14:16.296844,0.00816,20,BUY
2017-01-02D01:44:00.519449,0.00818,25,BUY
2017-01-02D02:15:35.403301,0.00816,1500,BUY
2017-01-02D02:15:35.403301,0.00816,4,BUY
2017-01-02D02:15:35.905550,0.00816,362,SELL
2017-01-02D02:41:37.695914,0.00812,25,SELL
2017-01-02D03:07:52.188070,0.00809,100,SELL
2017-01-02D03:12:42.333986,0.00806,100,SELL
2017-01-02D03:12:42.333986,0.00806,100,SELL
2017-01-02D03:16:00.404955,0.00806,1,BUY
2017-01-02D03:16:07.413287,0.00806,1,BUY
2017-01-02D03:16:17.454863,0.00805,10,SELL
2017-01-02D03:16:18.308759,0.00804,1,BUY
2017-01-02D03:16:18.983339,0.00802,80,SELL
2017-01-02D03:16:19.729503,0.00802,100,SELL
2017-01-02D03:16:20.272371,0.00801,100,SELL
2017-01-02D03:16:20.272371,0.008,120,SELL
2017-01-02D03:16:22.937887,0.00797,79,SELL
2017-01-02D03:16:26.413673,0.00802,1,BUY
2017-01-02D03:16:27.137088,0.00797,21,SELL
2017-01-02D03:16:27.137088,0.00794,100,SELL
2017-01-02D03:16:27.137088,0.00793,381,SELL
2017-01-02D03:18:33.608911,0.00799,1,BUY
2017-01-02D03:18:39.529858,0.00799,1,BUY
2017-01-02D03:18:43.923898,0.00799,1,BUY
2017-01-02D03:18:47.808350,0.00799,1,BUY
2017-01-02D03:18:50.806592,0.00799,1,BUY
2017-01-02D03:18:52.756823,0.00799,1,BUY
2017-01-02D03:18:54.281679,0.00799,1,BUY
2017-01-02D03:18:55.828090,0.00799,1,BUY
2017-01-02D03:19:46.474346,0.00796,100,SELL
2017-01-02D03:19:46.474346,0.00795,1400,SELL
2017-01-02D03:50:57.103992,0.00806,100,SELL
2017-01-02D05:38:01.743886,0.00805,100,SELL
2017-01-02D06:19:32.342674,0.00805,4,BUY
2017-01-02D07:59:37.124665,0.00806,100,SELL
2017-01-02D08:11:14.190913,0.00802,100,SELL
2017-01-02D08:12:44.692405,0.00802,4,BUY
2017-01-02D08:12:44.692405,0.00802,10,BUY
2017-01-02D08:13:18.911946,0.00801,100,SELL
2017-01-02D08:13:18.911946,0.00801,100,SELL
2017-01-02D08:20:03.364753,0.00802,4,BUY
2017-01-02D08:20:03.364753,0.00803,100,BUY
2017-01-02D09:31:42.909808,0.00802,5,SELL
2017-01-02D09:32:06.442212,0.00802,5,SELL
2017-01-02D10:07:14.019821,0.00802,5,SELL
2017-01-02D10:20:47.101531,0.00802,1,SELL
2017-01-02D10:26:51.955785,0.00803,4,BUY
2017-01-02D10:26:51.955785,0.00805,1,BUY
2017-01-02D10:26:54.864032,0.00805,5,BUY
2017-01-02D10:46:37.116572,0.00802,5,SELL
2017-01-02D10:53:48.017399,0.00804,4,BUY
2017-01-02D10:54:14.995657,0.00805,7,BUY
2017-01-02D11:00:14.787424,0.00802,79,SELL
2017-01-02D11:03:01.713960,0.008,100,SELL
2017-01-02D11:03:01.713960,0.008,1400,SELL
2017-01-02D11:03:06.399806,0.008,100,SELL
2017-01-02D11:03:19.118068,0.00799,5,SELL
2017-01-02D11:04:03.627159,0.00801,4,BUY
2017-01-02D11:23:42.580792,0.00799,95,SELL
2017-01-02D11:23:42.822975,0.00799,1,SELL
2017-01-02D11:31:22.151653,0.00798,1,BUY
2017-01-02D11:31:24.173426,0.00798,1,BUY
2017-01-02D11:36:51.418450,0.00797,100,SELL
2017-01-02D11:36:51.418450,0.00797,200,SELL
2017-01-02D11:36:51.418450,0.00797,100,SELL
2017-01-02D11:37:57.719941,0.00796,100,SELL
2017-01-02D11:37:57.719941,0.00796,100,SELL
2017-01-02D11:40:00.573162,0.00795,100,SELL
2017-01-02D11:40:00.573162,0.00795,100,SELL
2017-01-02D11:52:47.406989,0.00793,121,SELL
2017-01-02D11:52:47.406989,0.00793,303,SELL
2017-01-02D11:52:47.406989,0.00793,100,SELL
2017-01-02D11:55:45.171963,0.00792,100,SELL
2017-01-02D11:55:50.621437,0.00791,350,SELL
2017-01-02D11:55:50.621437,0.00791,100,SELL
2017-01-02D11:57:07.265752,0.00789,100,BUY
2017-01-02D11:57:07.265752,0.00789,4,BUY
2017-01-02D11:58:46.869331,0.00787,100,BUY
2017-01-02D12:00:53.209857,0.00788,75,BUY
2017-01-02D12:00:53.209857,0.00789,100,BUY
2017-01-02D12:00:53.209857,0.0079,145,BUY
2017-01-02D12:08:28.279202,0.00786,1,SELL
2017-01-02D12:10:23.926888,0.00788,3,BUY
2017-01-02D12:10:58.603884,0.00788,1,BUY
2017-01-02D12:11:02.901591,0.00787,1,BUY
2017-01-02D12:12:08.114279,0.00785,1,BUY
2017-01-02D12:12:09.848076,0.00785,1,BUY
2017-01-02D12:12:10.729620,0.00786,1,BUY
2017-01-02D12:14:56.374370,0.00788,4,BUY
2017-01-02D12:16:16.983610,0.00795,100,BUY
2017-01-02D12:16:55.385760,0.00797,20,BUY
2017-01-02D12:18:29.841764,0.00797,100,BUY
2017-01-02D12:28:16.444716,0.00796,4,SELL
2017-01-02D13:26:56.816658,0.00795,100,BUY
2017-01-02D13:26:56.816658,0.00795,4,BUY
2017-01-02D13:26:56.816658,0.00798,100,BUY
2017-01-02D13:29:33.102907,0.00806,1,BUY
2017-01-02D13:30:26.866197,0.00805,1,SELL
2017-01-02D14:49:36.701434,0.008,100,BUY
2017-01-02D15:37:00.886281,0.00799,100,BUY
2017-01-02D15:37:00.886281,0.00802,100,BUY
2017-01-02D15:37:24.617672,0.00801,100,BUY
2017-01-02D15:47:11.920687,0.00805,100,BUY
2017-01-02D15:47:32.631917,0.00805,100,BUY
2017-01-02D15:48:25.559370,0.00806,300,BUY
2017-01-02D16:12:41.568084,0.00804,20,BUY
2017-01-02D16:34:19.904241,0.00806,100,BUY
2017-01-02D16:34:19.904241,0.00807,100,BUY
2017-01-02D16:34:49.031159,0.00815,1000,BUY
2017-01-02D16:35:44.781911,0.00816,15,BUY
2017-01-02D16:38:53.247110,0.00821,100,BUY
2017-01-02D16:38:53.247110,0.00827,200,BUY
2017-01-02D16:39:19.080685,0.00825,72,BUY
2017-01-02D16:39:19.080685,0.00827,28,BUY
2017-01-02D16:45:20.227046,0.00818,76,BUY
2017-01-02D16:50:41.053410,0.00819,24,BUY
2017-01-02D16:53:37.089179,0.00819,70,BUY
2017-01-02D16:53:37.089179,0.0082,191,BUY
2017-01-02D16:53:37.089179,0.00822,1500,BUY
2017-01-02D16:53:37.089179,0.00824,1239,BUY
2017-01-02D17:11:52.918344,0.00825,100,BUY
2017-01-02D17:16:18.528348,0.00825,892,BUY
2017-01-02D17:16:18.528348,0.00826,1108,BUY
2017-01-02D17:28:50.761533,0.00829,997,BUY
2017-01-02D17:40:22.830170,0.00824,25,SELL
2017-01-02D17:40:22.830170,0.00824,100,SELL
2017-01-02D17:42:52.569958,0.00827,100,SELL
2017-01-02D17:47:23.741547,0.00826,100,SELL
2017-01-02D17:58:00.903323,0.00825,100,SELL
2017-01-02D18:01:40.851501,0.00822,100,SELL
2017-01-02D18:01:40.851501,0.00822,475,SELL
2017-01-02D18:03:46.965902,0.0082,1000,SELL
2017-01-02D18:25:02.209633,0.00817,997,SELL
2017-01-02D18:25:02.209633,0.00817,100,SELL
2017-01-02D18:29:32.763448,0.00818,50,BUY
2017-01-02D18:34:36.459831,0.00818,100,BUY
2017-01-02D18:34:59.780293,0.00818,100,BUY
2017-01-02D18:35:38.977992,0.00819,50,BUY
2017-01-02D18:50:28.730440,0.00822,78,BUY
2017-01-02D18:50:28.730440,0.00823,100,BUY
2017-01-02D18:50:28.730440,0.00824,72,BUY
2017-01-02D18:51:01.904841,0.00824,899,BUY
2017-01-02D18:55:29.977546,0.00823,100,BUY
2017-01-02D18:55:29.977546,0.00826,300,BUY
2017-01-02D18:56:22.269719,0.00823,120,SELL
2017-01-02D18:56:22.701593,0.00823,100,SELL
2017-01-02D19:51:46.488236,0.00823,890,BUY
2017-01-02D19:51:46.488236,0.00824,100,BUY
2017-01-02D20:08:27.942654,0.00827,100,BUY
2017-01-02D20:08:27.942654,0.0083,440,BUY
2017-01-02D20:08:39.257708,0.0083,967,BUY
2017-01-02D20:12:22.259254,0.00833,100,BUY
2017-01-02D20:13:13.663404,0.00834,100,BUY
2017-01-02D20:13:53.881740,0.00835,100,BUY
2017-01-02D20:15:52.016860,0.00836,14,SELL
2017-01-02D20:16:02.265767,0.00841,100,SELL
2017-01-02D20:16:04.169025,0.0084,100,SELL
2017-01-02D20:17:16.810970,0.00837,100,SELL
2017-01-02D20:18:26.921599,0.00838,100,BUY
2017-01-02D20:20:22.804623,0.00835,100,SELL
2017-01-02D20:20:22.804623,0.00835,100,SELL
2017-01-02D20:21:22.971541,0.00834,75,BUY
2017-01-02D20:21:22.971541,0.00835,175,BUY
2017-01-02D20:45:22.978481,0.00826,100,SELL
2017-01-02D20:45:22.978481,0.00826,500,SELL
2017-01-02D20:57:33.496651,0.00822,10,SELL
2017-01-02D21:00:50.619915,0.00817,10,SELL
2017-01-02D21:12:50.337386,0.00821,100,SELL
2017-01-02D21:12:59.731885,0.00821,500,BUY
2017-01-02D22:11:54.082444,0.00827,10,SELL
2017-01-02D22:21:50.779554,0.00826,100,SELL
2017-01-02D22:22:00.874844,0.00825,1000,SELL
2017-01-02D22:35:19.980056,0.00823,100,SELL
2017-01-02D22:42:52.832289,0.0082,10,SELL
2017-01-02D22:46:09.466159,0.0082,50,SELL
2017-01-02D23:47:27.133480,0.00819,49,SELL
2017-01-03D00:03:52.216290,0.00822,40,BUY
2017-01-03D00:24:52.693739,0.00819,100,SELL
2017-01-03D00:24:52.693739,0.00818,1000,SELL
2017-01-03D00:24:52.693739,0.00818,1500,SELL
2017-01-03D00:28:15.426535,0.00816,100,SELL
2017-01-03D00:28:15.426535,0.00814,100,SELL
2017-01-03D00:28:15.426535,0.00814,1500,SELL
2017-01-03D00:28:15.426535,0.00811,797,SELL
2017-01-03D00:37:20.423896,0.0081,100,SELL
2017-01-03D00:37:20.423896,0.0081,100,SELL
2017-01-03D00:40:18.143978,0.00808,100,SELL
2017-01-03D01:15:48.550829,0.00808,10,SELL
2017-01-03D01:15:48.550829,0.00808,4,SELL
2017-01-03D01:15:48.550829,0.00807,100,SELL
2017-01-03D01:15:48.550829,0.00807,21,SELL
2017-01-03D01:15:48.550829,0.00806,100,SELL
2017-01-03D01:15:48.550829,0.00806,1500,SELL
2017-01-03D01:15:48.550829,0.00804,120,SELL
2017-01-03D01:15:50.539541,0.00804,1145,BUY
2017-01-03D01:15:53.232389,0.00805,956,SELL
2017-01-03D01:15:53.232389,0.00804,1145,SELL
2017-01-03D01:15:53.232389,0.00804,899,SELL
2017-01-03D01:21:46.565875,0.00803,1,SELL
2017-01-03D01:21:46.565875,0.00803,1,SELL
2017-01-03D01:21:46.565875,0.00802,100,SELL
2017-01-03D01:21:46.565875,0.00801,148,SELL
2017-01-03D01:25:15.532999,0.00804,100,BUY
2017-01-03D02:12:48.984711,0.00808,100,BUY
2017-01-03D02:17:39.396557,0.0081,100,BUY
2017-01-03D02:17:42.334594,0.00811,100,BUY
2017-01-03D02:25:57.313134,0.00811,100,BUY
2017-01-03D02:25:57.313134,0.00812,1500,BUY
2017-01-03D02:40:36.895960,0.00808,4,SELL
2017-01-03D03:25:35.895644,0.00801,100,SELL
2017-01-03D04:10:21.278537,0.00808,4,SELL
2017-01-03D04:10:21.278537,0.00807,100,SELL
2017-01-03D04:10:23.005396,0.00806,896,BUY
2017-01-03D05:17:05.926999,0.00813,100,SELL
2017-01-03D06:51:29.321766,0.00818,100,BUY
2017-01-03D06:57:40.106589,0.00819,100,BUY
2017-01-03D06:57:40.106589,0.00819,100,BUY
2017-01-03D06:58:32.969236,0.00821,31,BUY
2017-01-03D07:03:17.505429,0.00823,100,BUY
2017-01-03D07:03:30.683292,0.00824,30,BUY
2017-01-03D07:03:30.683292,0.00824,300,BUY
2017-01-03D07:03:36.633102,0.00825,100,BUY
2017-01-03D07:32:23.421456,0.00829,100,BUY
2017-01-03D07:41:13.111029,0.0083,100,BUY
2017-01-03D07:41:13.111029,0.0083,100,BUY
2017-01-03D07:52:21.660013,0.0083,100,BUY
2017-01-03D07:52:21.660013,0.00832,100,BUY
2017-01-03D07:52:21.660013,0.00836,1500,BUY
2017-01-03D08:02:58.981533,0.00837,100,BUY
2017-01-03D08:02:58.981533,0.00837,100,BUY
2017-01-03D08:26:07.889445,0.00835,100,BUY
2017-01-03D08:26:22.745982,0.00837,100,BUY
2017-01-03D08:38:42.299973,0.00839,10,BUY
2017-01-03D08:50:47.285637,0.00838,200,BUY
2017-01-03D09:02:40.626729,0.00829,4,SELL
2017-01-03D09:03:30.839237,0.00827,10,SELL
2017-01-03D09:47:07.462828,0.00836,14,BUY
2017-01-03D10:14:40.242653,0.00837,5,SELL
2017-01-03D10:30:44.763758,0.0084,5,BUY
2017-01-03D10:30:47.105352,0.00833,4,SELL
2017-01-03D10:30:47.105352,0.00833,16,SELL
2017-01-03D10:59:16.456528,0.00831,5,SELL
2017-01-03D12:25:49.350244,0.0083,25,SELL
2017-01-03D12:25:50.043882,0.0083,75,SELL
2017-01-03D12:25:50.043882,0.00829,4,SELL
2017-01-03D12:25:50.043882,0.00828,41,SELL
2017-01-03D12:48:13.908723,0.00839,100,BUY
2017-01-03D12:48:13.908723,0.0084,1500,BUY
2017-01-03D12:52:55.764303,0.00842,150,BUY
2017-01-03D13:50:40.935661,0.00842,5,BUY
2017-01-03D13:50:40.935661,0.00845,100,BUY
2017-01-03D13:50:40.935661,0.00847,45,BUY
2017-01-03D13:52:00.257701,0.00848,30,BUY
2017-01-03D13:52:51.464815,0.00848,5,BUY
2017-01-03D14:13:28.526657,0.00847,4,BUY
2017-01-03D14:13:37.284038,0.00849,10,BUY
2017-01-03D14:13:37.284038,0.00851,100,BUY
2017-01-03D14:15:07.022466,0.00852,10,SELL
2017-01-03D14:15:10.107097,0.00852,10,SELL
2017-01-03D14:15:26.840389,0.00853,10,SELL
2017-01-03D14:15:41.950852,0.00855,10,SELL
2017-01-03D14:16:36.620799,0.00855,20,SELL
2017-01-03D14:27:51.922355,0.00858,6,BUY
2017-01-03D14:27:51.922355,0.00858,4,BUY
2017-01-03D14:28:46.448957,0.00859,5,BUY
2017-01-03D14:29:26.914063,0.00858,100,SELL
2017-01-03D14:29:26.914063,0.00857,4,SELL
2017-01-03D14:29:26.914063,0.00856,1500,SELL
2017-01-03D14:29:26.914063,0.00852,1500,SELL
2017-01-03D14:29:28.478911,0.00852,738,BUY
2017-01-03D14:31:07.956814,0.00858,3,BUY
2017-01-03D14:37:24.575658,0.0086,1500,BUY
2017-01-03D14:44:59.068472,0.00855,155,SELL
2017-01-03D14:56:10.895125,0.00852,100,SELL
2017-01-03D14:56:10.895125,0.00851,1504,SELL
2017-01-03D14:58:06.302153,0.00863,89,BUY
2017-01-03D14:58:10.115643,0.00863,11,BUY
2017-01-03D14:58:10.115643,0.00868,1500,BUY
2017-01-03D14:58:10.115643,0.00871,120,BUY
2017-01-03D14:58:10.115643,0.00873,10,BUY
2017-01-03D14:58:10.115643,0.00873,359,BUY
2017-01-03D14:58:36.577188,0.00873,3,BUY
2017-01-03D15:02:12.190394,0.00878,100,BUY
2017-01-03D15:03:18.664412,0.00875,100,SELL
2017-01-03D15:11:07.877856,0.00879,5,BUY
2017-01-03D15:11:31.873817,0.00879,500,BUY
2017-01-03D15:13:18.101698,0.00879,1095,BUY
2017-01-03D15:17:23.796029,0.0089,100,BUY
2017-01-03D15:17:35.983978,0.00898,100,BUY
2017-01-03D15:17:35.983978,0.00901,1400,BUY
2017-01-03D15:18:46.584291,0.00904,487,BUY
2017-01-03D15:19:55.976410,0.00905,70,BUY
2017-01-03D15:20:21.254786,0.00907,100,BUY
2017-01-03D15:22:35.544396,0.00918,100,BUY
2017-01-03D15:23:33.048063,0.00926,100,BUY
2017-01-03D15:23:59.292506,0.00937,10,BUY
2017-01-03D15:23:59.292506,0.00937,100,BUY
2017-01-03D15:24:26.905690,0.00936,100,SELL
2017-01-03D15:24:45.440898,0.00936,1500,SELL
2017-01-03D15:25:51.316911,0.00924,100,SELL
2017-01-03D15:25:51.316911,0.00923,100,SELL
2017-01-03D15:25:52.567281,0.0092,50,SELL
2017-01-03D15:26:21.697486,0.00919,4,SELL
2017-01-03D15:26:21.697486,0.00919,6,SELL
2017-01-03D15:28:45.314808,0.00915,2,SELL
2017-01-03D15:30:52.915755,0.00909,100,SELL
2017-01-03D15:30:52.915755,0.00909,500,SELL
2017-01-03D15:33:54.795309,0.00907,3,BUY
2017-01-03D15:36:01.875378,0.00915,100,BUY
2017-01-03D15:38:24.274101,0.00918,10,BUY
2017-01-03D15:38:39.986428,0.00918,20,SELL
2017-01-03D15:39:28.240483,0.00913,100,SELL
2017-01-03D15:44:42.051696,0.00903,4,SELL
2017-01-03D15:46:43.267114,0.00898,100,SELL
2017-01-03D15:48:27.777561,0.00892,100,SELL
2017-01-03D15:49:08.739314,0.00892,50,SELL
2017-01-03D15:51:11.809902,0.00898,10,BUY
2017-01-03D15:52:50.870491,0.00899,4,BUY
2017-01-03D15:54:58.909222,0.00904,100,BUY
2017-01-03D15:57:48.607803,0.0091,100,BUY
2017-01-03D15:58:58.260048,0.00916,30,BUY
2017-01-03D15:59:04.489432,0.00916,70,BUY
2017-01-03D16:03:45.337830,0.00905,10,SELL
2017-01-03D16:04:01.923215,0.00905,10,SELL
2017-01-03D16:09:26.627669,0.00901,1,SELL
2017-01-03D16:09:42.326574,0.00911,10,BUY
2017-01-03D16:11:32.576995,0.00912,1,BUY
2017-01-03D16:18:02.575265,0.00917,100,BUY
2017-01-03D16:18:02.575265,0.00918,10,BUY
2017-01-03D16:18:02.575265,0.0092,160,BUY
2017-01-03D16:19:28.728164,0.00912,10,SELL
2017-01-03D16:27:20.070938,0.00923,10,BUY
2017-01-03D16:27:32.974627,0.00923,4,BUY
2017-01-03D16:27:32.974627,0.00924,6,BUY
2017-01-03D16:32:09.360568,0.00916,10,SELL
2017-01-03D16:44:19.403938,0.00908,270,SELL
2017-01-03D16:47:44.747910,0.00907,10,SELL
2017-01-03D16:49:46.388891,0.00908,1500,SELL
2017-01-03D16:56:50.114605,0.00907,10,SELL
2017-01-03D17:10:34.681431,0.00919,10,BUY
2017-01-03D17:20:14.287583,0.00921,1,BUY
2017-01-03D17:20:23.619438,0.00921,1,BUY
2017-01-03D17:21:02.098812,0.00922,1500,BUY
2017-01-03D17:24:49.261698,0.00919,10,SELL
2017-01-03D17:26:23.671298,0.00925,10,BUY
2017-01-03D17:28:21.003688,0.00925,90,BUY
2017-01-03D17:28:21.003688,0.00925,100,BUY
2017-01-03D17:30:04.484345,0.00927,10,SELL
2017-01-03D17:30:18.114516,0.00936,1000,BUY
2017-01-03D17:34:01.376578,0.00941,10,BUY
2017-01-03D17:36:08.762471,0.00939,50,BUY
2017-01-03D17:40:54.996910,0.00925,1500,SELL
2017-01-03D17:41:11.687933,0.00924,10,SELL
2017-01-03D17:48:12.531741,0.00932,100,BUY
2017-01-03D17:49:28.262259,0.00935,25,BUY
2017-01-03D18:45:55.657995,0.0094,100,BUY
2017-01-03D18:45:55.657995,0.0094,100,BUY
2017-01-03D18:53:16.402541,0.00949,100,BUY
2017-01-03D18:53:42.028261,0.0095,100,BUY
2017-01-03D18:55:59.450663,0.00951,10,SELL
2017-01-03D19:01:11.899163,0.00955,100,BUY
2017-01-03D19:04:22.469602,0.00963,10,BUY
2017-01-03D19:10:14.002818,0.00953,400,SELL
2017-01-03D19:10:50.557929,0.00953,50,SELL
2017-01-03D19:13:52.786787,0.00953,15,SELL
2017-01-03D19:25:26.951078,0.00961,150,BUY
2017-01-03D19:26:42.331223,0.00964,10,BUY
2017-01-03D19:26:42.331223,0.00965,4,BUY
2017-01-03D19:26:42.331223,0.00965,286,BUY
2017-01-03D19:27:08.188146,0.00966,1500,BUY
2017-01-03D19:27:08.188146,0.00966,10,BUY
2017-01-03D19:30:11.588684,0.00962,25,SELL
2017-01-03D19:30:38.871157,0.00967,500,BUY
2017-01-03D19:30:44.974667,0.00967,1000,BUY
2017-01-03D19:31:02.031671,0.00969,100,BUY
2017-01-03D19:31:53.721178,0.00968,100,BUY
2017-01-03D19:32:06.339790,0.00972,100,BUY
2017-01-03D19:32:27.521022,0.00972,1410,BUY
2017-01-03D19:32:27.521022,0.00972,10,BUY
2017-01-03D19:32:58.159511,0.00976,50,BUY
2017-01-03D19:32:58.159511,0.00977,100,BUY
2017-01-03D19:32:58.159511,0.00979,120,BUY
2017-01-03D19:32:58.159511,0.00981,2500,BUY
2017-01-03D19:32:58.159511,0.00982,230,BUY
2017-01-03D19:42:07.318466,0.00974,10,BUY
2017-01-03D19:42:07.318466,0.00976,4,BUY
2017-01-03D19:42:07.318466,0.00978,106,BUY
2017-01-03D19:42:51.965016,0.00969,100,SELL
2017-01-03D19:42:51.965016,0.00968,1400,SELL
2017-01-03D19:58:52.825670,0.00962,15,SELL
2017-01-03D19:59:16.735179,0.0096,20,SELL
2017-01-03D20:00:17.021164,0.0096,25,SELL
2017-01-03D20:00:38.654415,0.00954,20,SELL
2017-01-03D20:01:39.310108,0.00953,20,SELL
2017-01-03D20:02:24.478425,0.00953,148,SELL
2017-01-03D20:02:32.566819,0.00953,10,SELL
2017-01-03D20:02:42.397569,0.00953,157,SELL
2017-01-03D20:02:42.397569,0.0095,100,SELL
2017-01-03D20:02:42.397569,0.00948,100,SELL
2017-01-03D20:02:42.397569,0.00948,4,SELL
2017-01-03D20:02:42.397569,0.00948,1500,SELL
2017-01-03D20:02:42.397569,0.00943,1139,SELL
2017-01-03D20:04:55.525453,0.00946,20,SELL
2017-01-03D20:06:44.549016,0.00945,10,SELL
2017-01-03D20:06:44.549016,0.00944,4,SELL
2017-01-03D20:06:44.549016,0.0094,111,SELL
2017-01-03D20:06:44.549016,0.00939,75,SELL
2017-01-03D20:06:45.044540,0.00939,25,SELL
2017-01-03D20:06:45.044540,0.00939,975,SELL
2017-01-03D20:07:39.109348,0.00941,10,SELL
2017-01-03D20:10:22.706516,0.00944,10,SELL
2017-01-03D20:10:40.989059,0.00952,1500,BUY
2017-01-03D20:14:22.440600,0.00953,10,BUY
2017-01-03D20:24:10.135170,0.0095,100,SELL
2017-01-03D20:31:35.474880,0.00959,100,BUY
2017-01-03D20:41:28.318845,0.00945,10,SELL
2017-01-03D20:48:08.142778,0.00945,50,BUY
2017-01-03D20:48:08.142778,0.00946,50,BUY
2017-01-03D20:52:04.051713,0.00938,1500,SELL
2017-01-03D20:54:49.605380,0.00938,2443,SELL
2017-01-03D20:54:50.072766,0.00938,1057,SELL
2017-01-03D20:54:50.072766,0.00938,100,SELL
2017-01-03D20:55:29.338948,0.00938,4,BUY
2017-01-03D20:55:29.338948,0.00939,1,BUY
2017-01-03D20:57:48.969678,0.00935,5,BUY
2017-01-03D20:58:19.405218,0.00933,100,SELL
2017-01-03D21:08:55.091246,0.0093,10,SELL
2017-01-03D21:11:15.859551,0.00924,10,SELL
2017-01-03D21:11:43.484088,0.00923,4,SELL
2017-01-03D21:11:43.484088,0.00923,6,SELL
2017-01-03D21:11:51.780783,0.00928,10,SELL
2017-01-03D21:11:51.780783,0.00923,90,SELL
2017-01-03D21:15:51.267206,0.00936,10,BUY
2017-01-03D21:16:21.450953,0.00938,100,BUY
2017-01-03D21:16:21.450953,0.00939,10,BUY
2017-01-03D21:17:46.411383,0.0094,100,BUY
2017-01-03D21:21:34.759665,0.00933,200,SELL
2017-01-03D21:43:47.285122,0.0093,10,SELL
2017-01-03D21:43:57.886938,0.00931,10,SELL
2017-01-03D21:44:05.512342,0.00933,10,SELL
2017-01-03D21:48:08.850523,0.00945,100,BUY
2017-01-03D21:48:08.850523,0.00948,4,BUY
2017-01-03D21:48:08.850523,0.00948,26,BUY
2017-01-03D21:57:45.218253,0.00942,5,SELL
2017-01-03D22:02:30.866747,0.0094,9,BUY
2017-01-03D22:14:01.346286,0.00937,5,SELL
2017-01-03D22:34:38.995720,0.00944,100,BUY
2017-01-03D22:34:38.995720,0.00944,100,BUY
2017-01-03D22:34:38.995720,0.00944,100,BUY
2017-01-03D22:34:38.995720,0.00944,100,BUY
2017-01-03D22:34:38.995720,0.00944,100,BUY
2017-01-03D22:34:38.995720,0.00944,100,BUY
2017-01-03D22:34:38.995720,0.00944,100,BUY
2017-01-03D22:34:38.995720,0.00944,100,BUY
2017-01-03D22:34:38.995720,0.00944,50,BUY
2017-01-03D22:35:39.848609,0.00953,115,BUY
2017-01-03D22:38:27.347213,0.00948,25,SELL
2017-01-03D22:38:38.359558,0.0094,4,SELL
2017-01-03D22:38:38.359558,0.0094,21,SELL
2017-01-03D22:39:23.249601,0.00939,25,SELL
2017-01-03D22:40:07.200336,0.00939,25,SELL
2017-01-03D22:40:46.513428,0.00939,25,SELL
2017-01-03D22:45:15.804954,0.00938,10,SELL
2017-01-03D22:49:33.272324,0.00939,25,SELL
2017-01-03D22:52:49.584204,0.00939,20,SELL
2017-01-03D23:01:27.724980,0.00949,130,BUY
2017-01-03D23:10:17.424402,0.00953,130,BUY
2017-01-03D23:12:48.045306,0.00945,50,SELL
2017-01-03D23:12:55.397634,0.00952,300,BUY
2017-01-03D23:13:25.915856,0.0094,4,SELL
2017-01-03D23:13:25.915856,0.00939,6,SELL
2017-01-03D23:15:16.738828,0.00939,965,SELL
2017-01-03D23:15:35.558618,0.00937,50,SELL
2017-01-03D23:16:18.789678,0.00937,50,SELL
2017-01-03D23:16:18.789678,0.00937,150,SELL
2017-01-03D23:16:23.689823,0.00934,20,SELL
2017-01-03D23:17:03.446480,0.00935,15,SELL
2017-01-03D23:17:09.826018,0.00935,20,SELL
2017-01-03D23:18:59.213134,0.00938,304,SELL
2017-01-03D23:25:53.834595,0.00938,24,BUY
2017-01-03D23:26:28.641161,0.00933,10,SELL
2017-01-03D23:26:28.641161,0.0093,5,SELL
2017-01-03D23:26:29.124232,0.0093,40,SELL
2017-01-03D23:26:29.124232,0.00928,100,SELL
2017-01-03D23:26:29.124232,0.00927,4,SELL
2017-01-03D23:26:29.124232,0.00926,56,SELL
2017-01-03D23:27:05.653869,0.00928,1200,SELL
2017-01-03D23:39:09.318191,0.00934,220,BUY
2017-01-03D23:48:44.020520,0.00933,130,BUY
2017-01-03D23:54:59.317952,0.00928,50,SELL
2017-01-03D23:59:05.387933,0.0093,50,BUY
2017-01-04D00:06:07.801789,0.00921,45,SELL
2017-01-04D00:06:07.801789,0.00921,100,SELL
2017-01-04D00:06:07.801789,0.0092,4,SELL
2017-01-04D00:06:07.801789,0.00917,51,SELL
2017-01-04D00:06:23.113105,0.00926,10,BUY
2017-01-04D00:06:34.491307,0.00925,10,BUY
2017-01-04D00:06:57.164188,0.00918,100,SELL
2017-01-04D00:06:57.618170,0.00925,10,BUY
2017-01-04D00:07:52.576360,0.00918,100,SELL
2017-01-04D00:07:55.377213,0.00918,100,SELL
2017-01-04D00:09:55.998961,0.00919,4,SELL
2017-01-04D00:09:55.998961,0.00917,296,SELL
2017-01-04D00:14:17.314858,0.00915,50,SELL
2017-01-04D00:14:26.972672,0.00915,50,SELL
2017-01-04D00:16:44.507980,0.00912,100,SELL
2017-01-04D00:16:44.507980,0.00912,1400,SELL
2017-01-04D00:17:24.179245,0.0091,30,SELL
2017-01-04D00:19:50.265589,0.0091,15,SELL
2017-01-04D00:20:14.196409,0.00906,100,SELL
2017-01-04D00:20:46.713891,0.00903,30,SELL
2017-01-04D00:21:07.610599,0.00905,4,SELL
2017-01-04D00:21:07.610599,0.00903,211,SELL
2017-01-04D00:25:43.713306,0.00904,100,BUY
2017-01-04D00:26:18.097826,0.00905,1000,BUY
2017-01-04D00:28:14.174457,0.00908,10,BUY
2017-01-04D00:28:15.759487,0.00908,40,BUY
2017-01-04D00:28:15.759487,0.00908,310,BUY
2017-01-04D00:28:38.228757,0.00908,10,BUY
2017-01-04D00:28:45.663433,0.00908,680,BUY
2017-01-04D00:33:17.634391,0.00912,10,BUY
2017-01-04D00:38:24.582895,0.00923,600,BUY
2017-01-04D00:47:30.528497,0.00926,140,BUY
2017-01-04D00:47:30.528497,0.00928,100,BUY
2017-01-04D00:47:30.528497,0.00934,260,BUY
2017-01-04D00:47:49.219254,0.00925,1500,SELL
2017-01-04D00:59:21.553704,0.00919,4,SELL
2017-01-04D00:59:21.553704,0.00918,96,SELL
2017-01-04D01:00:30.335817,0.00919,5,SELL
2017-01-04D01:00:56.522258,0.0092,1,SELL
2017-01-04D01:01:30.277418,0.0092,50,SELL
2017-01-04D01:01:55.696284,0.00921,50,SELL
2017-01-04D01:04:43.251344,0.00927,100,BUY
2017-01-04D01:04:43.251344,0.00928,150,BUY
2017-01-04D01:04:43.251344,0.00931,250,BUY
2017-01-04D01:16:52.769422,0.0092,45,SELL
2017-01-04D01:19:13.404590,0.00919,4,SELL
2017-01-04D01:19:13.404590,0.00916,36,SELL
2017-01-04D01:19:53.855522,0.00917,50,SELL
2017-01-04D01:25:39.584753,0.0092,45,BUY
2017-01-04D01:40:23.421387,0.00922,54,BUY
2017-01-04D01:57:24.972871,0.00924,251,BUY
2017-01-04D02:33:15.712082,0.00924,400,BUY
2017-01-04D02:35:31.353613,0.00933,100,BUY
2017-01-04D02:39:03.703198,0.00943,100,BUY
2017-01-04D02:46:09.327139,0.00949,200,BUY
2017-01-04D02:48:43.447265,0.00951,578,BUY
2017-01-04D02:49:40.586686,0.00955,1500,BUY
2017-01-04D02:50:01.601725,0.00956,5,BUY
2017-01-04D02:53:07.292106,0.00958,100,BUY
2017-01-04D02:57:42.814253,0.00963,100,BUY
2017-01-04D02:57:42.814253,0.00964,50,BUY
2017-01-04D03:00:48.141286,0.00966,500,BUY
2017-01-04D03:06:40.488036,0.00961,4,SELL
2017-01-04D03:06:40.488036,0.0096,500,SELL
2017-01-04D03:06:40.488036,0.0096,500,SELL
2017-01-04D03:06:40.488036,0.0096,1500,SELL
2017-01-04D03:06:52.386680,0.00964,100,BUY
2017-01-04D03:13:21.600111,0.00968,10,BUY
2017-01-04D03:27:33.663522,0.00978,1000,BUY
2017-01-04D03:30:48.746615,0.00985,20,BUY
2017-01-04D03:31:12.664030,0.00986,1500,BUY
2017-01-04D03:33:59.376770,0.00987,1,BUY
2017-01-04D03:40:08.264575,0.00987,19,BUY
2017-01-04D03:40:08.264575,0.00988,100,BUY
2017-01-04D03:40:08.264575,0.00989,10,BUY
2017-01-04D03:40:08.264575,0.00989,25,BUY
2017-01-04D03:40:08.264575,0.00991,20,BUY
2017-01-04D03:40:08.264575,0.00993,120,BUY
2017-01-04D03:40:08.264575,0.00993,30,BUY
2017-01-04D03:40:08.264575,0.00996,10,BUY
2017-01-04D03:40:08.264575,0.00997,15,BUY
2017-01-04D03:40:08.264575,0.00997,1500,BUY
2017-01-04D03:40:08.264575,0.00998,4,BUY
2017-01-04D03:40:08.264575,0.00999,250,BUY
2017-01-04D03:40:08.264575,0.00999,1,BUY
2017-01-04D03:40:08.264575,0.01,10,BUY
2017-01-04D03:40:08.264575,0.01001,886,BUY
2017-01-04D03:40:31.670133,0.00992,30,BUY
2017-01-04D03:40:56.969224,0.00994,1,SELL
2017-01-04D03:44:02.085527,0.00996,50,BUY
2017-01-04D03:44:38.321855,0.00997,50,SELL
2017-01-04D03:44:53.202470,0.00998,100,BUY
2017-01-04D03:48:50.907424,0.00991,100,SELL
2017-01-04D03:49:07.477676,0.00986,1500,SELL
2017-01-04D03:49:49.821739,0.00982,10,SELL
2017-01-04D03:49:49.821739,0.00982,100,SELL
2017-01-04D03:49:49.821739,0.0098,490,SELL
2017-01-04D03:50:28.274625,0.0099,40,BUY
2017-01-04D03:51:32.191685,0.00983,2,BUY
2017-01-04D03:53:30.416343,0.0098,12,SELL
2017-01-04D03:53:30.416343,0.0098,100,SELL
2017-01-04D03:53:30.416343,0.00979,10,SELL
2017-01-04D03:53:30.416343,0.00979,378,SELL
2017-01-04D03:56:14.489579,0.00989,10,BUY
2017-01-04D03:56:35.627440,0.00988,10,BUY
2017-01-04D03:56:37.970563,0.00988,10,BUY
2017-01-04D03:58:28.587555,0.00987,30,BUY
2017-01-04D04:00:42.508783,0.00985,100,BUY
2017-01-04D04:02:03.505336,0.00985,28,BUY
2017-01-04D04:04:06.770937,0.00985,60,BUY
2017-01-04D04:04:34.965857,0.00985,100,BUY
2017-01-04D04:05:04.121068,0.00985,212,BUY
2017-01-04D04:08:20.253517,0.00989,600,SELL
2017-01-04D04:11:30.851769,0.00985,212,SELL
2017-01-04D04:17:31.374642,0.00993,10,BUY
2017-01-04D04:17:57.223902,0.00997,30,BUY
2017-01-04D04:18:56.319578,0.00997,30,BUY
2017-01-04D04:18:56.460707,0.00998,30,SELL
2017-01-04D04:20:19.284159,0.00999,30,BUY
2017-01-04D04:20:19.284159,0.01,570,BUY
2017-01-04D04:20:37.204489,0.01004,1500,BUY
2017-01-04D04:21:00.789151,0.01,100,BUY
2017-01-04D04:21:00.789151,0.01002,4,BUY
2017-01-04D04:21:00.789151,0.01003,1400,BUY
2017-01-04D04:23:49.523660,0.01004,30,BUY
2017-01-04D04:30:42.619289,0.0099,60,SELL
2017-01-04D05:12:15.302940,0.00984,100,SELL
2017-01-04D05:12:15.302940,0.00982,10,SELL
2017-01-04D05:12:15.302940,0.0098,120,SELL
2017-01-04D05:12:15.302940,0.00978,1270,SELL
2017-01-04D05:13:05.247257,0.00978,1000,SELL
2017-01-04D05:23:22.164906,0.00978,500,SELL
2017-01-04D05:32:46.820023,0.00983,500,BUY
2017-01-04D05:32:57.729485,0.00983,500,BUY
2017-01-04D05:36:33.233827,0.00976,500,SELL
2017-01-04D05:45:29.748608,0.00978,150,SELL
2017-01-04D05:47:38.337280,0.00997,100,BUY
2017-01-04D05:47:38.337280,0.00997,10,BUY
2017-01-04D05:47:38.337280,0.00997,4,BUY
2017-01-04D05:47:38.337280,0.00998,386,BUY
2017-01-04D05:56:58.319385,0.00985,5,SELL
2017-01-04D06:04:14.321735,0.00979,100,SELL
2017-01-04D06:09:02.007086,0.00979,93,BUY
2017-01-04D06:19:22.818637,0.00977,5,SELL
2017-01-04D07:11:27.890647,0.00969,100,SELL
2017-01-04D07:27:56.505411,0.00972,1500,BUY
2017-01-04D07:28:03.280492,0.00968,500,SELL
2017-01-04D07:44:12.654651,0.0097,10,SELL
2017-01-04D07:46:29.451436,0.00979,1,BUY
2017-01-04D08:22:36.279527,0.00974,2,SELL
2017-01-04D08:27:16.496385,0.0098,100,BUY
2017-01-04D08:47:05.876156,0.00988,100,BUY
2017-01-04D08:56:47.461928,0.00998,15,BUY
2017-01-04D08:58:08.261785,0.00998,15,BUY
2017-01-04D08:58:20.797341,0.00999,100,BUY
2017-01-04D08:59:36.324935,0.01,30,BUY
2017-01-04D08:59:36.324935,0.01,30,BUY
2017-01-04D08:59:43.924836,0.01005,100,BUY
2017-01-04D09:01:44.407416,0.0101,1,BUY
2017-01-04D09:16:59.559271,0.01013,40,BUY
2017-01-04D09:17:17.591714,0.01013,1,BUY
2017-01-04D09:17:28.654971,0.01011,1,BUY
2017-01-04D09:17:30.105095,0.01011,1,BUY
2017-01-04D09:17:33.643348,0.01004,10,SELL
2017-01-04D09:17:46.436256,0.01013,1,BUY
2017-01-04D09:17:48.287555,0.01011,1,BUY
2017-01-04D09:22:53.393110,0.01009,100,SELL
2017-01-04D09:23:26.505642,0.01008,500,SELL
2017-01-04D09:23:26.505642,0.01008,97,SELL
2017-01-04D09:23:27.162270,0.01007,810,SELL
2017-01-04D09:23:34.395482,0.01003,40,SELL
2017-01-04D09:26:37.334429,0.00997,5,SELL
2017-01-04D09:26:39.546030,0.00997,5,SELL
2017-01-04D09:26:50.210730,0.00997,5,SELL
2017-01-04D09:28:38.109376,0.01004,1,BUY
2017-01-04D09:37:45.424624,0.01,10,SELL
2017-01-04D09:41:58.720849,0.0101,10,BUY
2017-01-04D09:50:28.003412,0.01,10,SELL
2017-01-04D10:02:20.255102,0.01001,5,BUY
2017-01-04D10:02:20.255102,0.01009,10,BUY
2017-01-04D10:15:04.990928,0.01005,2,SELL
2017-01-04D10:15:50.705244,0.01001,50,SELL
2017-01-04D10:15:50.705244,0.01,20,SELL
2017-01-04D10:15:50.705244,0.00997,60,SELL
2017-01-04D10:16:25.496080,0.00997,15,SELL
2017-01-04D10:16:42.006069,0.00997,34,SELL
2017-01-04D10:16:42.006069,0.00997,66,SELL
2017-01-04D10:18:48.188853,0.00997,100,SELL
2017-01-04D10:18:48.188853,0.00995,4,SELL
2017-01-04D10:18:48.188853,0.00994,396,SELL
2017-01-04D10:20:43.129724,0.00994,5,SELL
2017-01-04D10:50:38.984522,0.01,5,SELL
2017-01-04D10:55:43.790110,0.01005,20,BUY
2017-01-04D10:58:57.368824,0.00999,150,SELL
2017-01-04D10:59:13.420455,0.00992,100,SELL
2017-01-04D10:59:13.420455,0.00989,4,SELL
2017-01-04D10:59:13.420455,0.00989,1400,SELL
2017-01-04D10:59:15.124267,0.00989,100,SELL
2017-01-04D10:59:15.124267,0.00985,120,SELL
2017-01-04D10:59:15.124267,0.00983,180,SELL
2017-01-04D11:01:04.165674,0.00985,2,SELL
2017-01-04D11:04:16.935625,0.00986,4,SELL
2017-01-04D11:06:35.575472,0.00986,2,SELL
2017-01-04D11:07:34.420496,0.00986,20,SELL
2017-01-04D11:07:34.420496,0.00986,3,SELL
2017-01-04D11:08:20.393790,0.00985,100,SELL
2017-01-04D11:09:43.385179,0.00982,2,SELL
2017-01-04D11:18:02.981476,0.00982,4,SELL
2017-01-04D11:18:02.981476,0.00982,100,SELL
2017-01-04D11:18:02.981476,0.0098,1396,SELL
2017-01-04D11:26:59.963402,0.00986,1,BUY
2017-01-04D11:27:07.631198,0.00986,1,BUY
2017-01-04D11:29:35.115468,0.00986,15,BUY
2017-01-04D11:30:20.050115,0.00986,83,BUY
2017-01-04D11:30:20.050115,0.00989,1417,BUY
2017-01-04D11:31:36.366324,0.00983,5,SELL
2017-01-04D11:34:53.869911,0.00982,4,SELL
2017-01-04D11:34:53.869911,0.00982,100,SELL
2017-01-04D11:39:45.912705,0.00981,100,SELL
2017-01-04D11:39:45.912705,0.00981,400,SELL
2017-01-04D11:40:03.927649,0.00982,2350,BUY
2017-01-04D11:40:08.714064,0.00981,100,SELL
2017-01-04D11:40:08.714064,0.0098,446,SELL
2017-01-04D11:43:52.570344,0.00978,5,SELL
2017-01-04D11:45:44.805209,0.00978,5,SELL
2017-01-04D11:45:51.896885,0.00978,5,SELL
2017-01-04D11:49:56.938644,0.00988,4,BUY
2017-01-04D11:52:50.703992,0.00978,4,SELL
2017-01-04D11:58:03.858017,0.00981,10,SELL
2017-01-04D12:35:52.354859,0.00981,1,SELL
2017-01-04D12:35:52.354859,0.00981,99,SELL
2017-01-04D12:39:57.230614,0.00984,2,BUY
2017-01-04D12:40:23.665721,0.00984,1,BUY
2017-01-04D12:41:12.911061,0.00984,1,BUY
2017-01-04D12:43:41.354487,0.00984,140,BUY
2017-01-04D12:46:35.671698,0.00988,10,BUY
2017-01-04D12:53:36.918843,0.00986,20,SELL
2017-01-04D12:53:42.648555,0.00986,100,SELL
2017-01-04D13:02:52.374128,0.00991,7,BUY
2017-01-04D13:03:45.985246,0.00994,7,BUY
2017-01-04D13:04:04.688474,0.00994,6,BUY
2017-01-04D13:04:58.355411,0.00988,20,SELL
2017-01-04D13:05:22.687915,0.00992,6,BUY
2017-01-04D13:11:12.518358,0.0099,6,BUY
2017-01-04D13:11:38.171440,0.00991,6,BUY
2017-01-04D13:11:49.874709,0.00991,6,BUY
2017-01-04D13:12:05.131382,0.00991,5,BUY
2017-01-04D13:12:35.669401,0.00989,1,BUY
2017-01-04D13:13:34.688984,0.00989,2,BUY
2017-01-04D13:14:35.094903,0.00988,2,BUY
2017-01-04D13:15:23.307068,0.00988,1,BUY
2017-01-04D13:40:13.800724,0.00979,100,SELL
2017-01-04D13:40:13.800724,0.00978,81,SELL
2017-01-04D13:40:13.800724,0.00978,4,SELL
2017-01-04D13:40:13.800724,0.00976,15,SELL
2017-01-04D13:40:15.205377,0.00976,85,SELL
2017-01-04D13:40:15.205377,0.00975,600,SELL
2017-01-04D13:40:15.205377,0.00974,169,SELL
2017-01-04D13:40:15.205377,0.00974,146,SELL
2017-01-04D13:48:51.619476,0.0097,4,SELL
2017-01-04D13:48:51.619476,0.00969,100,SELL
2017-01-04D13:48:51.619476,0.00969,196,SELL
2017-01-04D13:52:06.381229,0.0097,100,SELL
2017-01-04D13:52:17.258168,0.00968,44,SELL
2017-01-04D13:56:56.968476,0.00975,1500,BUY
2017-01-04D13:56:56.968476,0.0098,250,BUY
2017-01-04D13:56:56.968476,0.00981,1500,BUY
2017-01-04D13:56:56.968476,0.00981,4,BUY
2017-01-04D13:56:56.968476,0.00983,100,BUY
2017-01-04D13:56:56.968476,0.00984,120,BUY
2017-01-04D13:57:15.505581,0.0098,4,BUY
2017-01-04D13:58:00.632543,0.00981,4,BUY
2017-01-04D13:58:10.683520,0.0097,10,SELL
2017-01-04D13:59:16.905978,0.00969,5,SELL
2017-01-04D13:59:16.905978,0.00969,1495,SELL
2017-01-04D14:03:07.799821,0.00968,4,SELL
2017-01-04D14:04:44.069737,0.00965,4,SELL
2017-01-04D14:05:29.665365,0.00965,4,SELL
2017-01-04D14:07:23.686467,0.0097,250,BUY
2017-01-04D14:09:36.353895,0.00986,100,BUY
2017-01-04D14:09:36.353895,0.0099,60,BUY
2017-01-04D14:09:44.499806,0.0099,60,BUY
2017-01-04D14:09:44.499806,0.00993,60,BUY
2017-01-04D14:10:21.753344,0.00988,250,BUY
2017-01-04D14:10:21.753344,0.00994,850,BUY
2017-01-04D14:10:36.464504,0.00994,200,BUY
2017-01-04D14:11:14.458643,0.00994,200,BUY
2017-01-04D14:11:36.086344,0.00995,46,BUY
2017-01-04D14:11:41.072531,0.00995,5,BUY
2017-01-04D14:11:41.072531,0.00996,41,BUY
2017-01-04D14:12:26.641627,0.00999,4,BUY
2017-01-04D14:12:35.783696,0.00999,21,BUY
2017-01-04D14:12:43.178074,0.00994,15,SELL
2017-01-04D14:16:47.632626,0.00982,100,SELL
2017-01-04D14:16:47.632626,0.00974,4,SELL
2017-01-04D14:16:47.632626,0.00974,96,SELL
2017-01-04D14:18:37.487357,0.00972,4,SELL
2017-01-04D14:24:45.145570,0.00981,100,SELL
2017-01-04D14:28:01.345141,0.00969,100,SELL
2017-01-04D14:28:31.847455,0.00965,4,SELL
2017-01-04D14:28:46.643187,0.00964,13,SELL
2017-01-04D14:32:16.889632,0.0096,6,SELL
2017-01-04D14:32:36.716389,0.00957,2,SELL
2017-01-04D14:34:21.335571,0.00954,100,SELL
2017-01-04D14:35:06.637448,0.00947,100,SELL
2017-01-04D14:35:06.637448,0.00945,300,SELL
2017-01-04D14:36:53.858618,0.00945,100,SELL
2017-01-04D14:37:07.053603,0.00942,40,SELL
2017-01-04D14:37:13.938627,0.00942,60,SELL
2017-01-04D14:37:13.938627,0.00941,40,SELL
2017-01-04D14:38:07.043012,0.00946,8,BUY
2017-01-04D14:38:26.378815,0.00956,5,BUY
2017-01-04D14:43:53.384767,0.00961,3,BUY
2017-01-04D14:45:53.246449,0.00963,4,BUY
2017-01-04D14:49:27.961060,0.00954,1,SELL
2017-01-04D15:04:03.869722,0.00967,5,BUY
2017-01-04D15:06:39.320500,0.00971,1,BUY
2017-01-04D15:07:25.941420,0.00963,1,SELL
2017-01-04D15:14:51.404474,0.00973,1,BUY
2017-01-04D15:15:10.878044,0.00979,100,BUY
2017-01-04D15:15:56.519087,0.00985,1,BUY
2017-01-04D15:41:13.771351,0.00981,50,SELL
2017-01-04D15:41:15.279173,0.00981,10,SELL
2017-01-04D15:56:57.074910,0.00982,1,SELL
2017-01-04D16:06:21.466977,0.00982,100,SELL
2017-01-04D16:06:21.466977,0.0098,200,SELL
2017-01-04D16:07:25.787209,0.00979,100,SELL
2017-01-04D16:07:43.173343,0.00978,100,SELL
2017-01-04D16:07:51.450385,0.00978,100,SELL
2017-01-04D16:07:51.450385,0.00976,100,SELL
2017-01-04D16:08:54.835100,0.00982,5,BUY
2017-01-04D16:11:05.801697,0.0098,5,BUY
2017-01-04D16:17:27.675960,0.00973,3,SELL
2017-01-04D16:24:37.799622,0.00979,1,BUY
2017-01-04D16:26:46.908703,0.00978,130,BUY
2017-01-04D16:27:49.680809,0.00972,1,SELL
2017-01-04D16:31:46.683854,0.00979,5,BUY
2017-01-04D16:33:09.946293,0.00973,100,SELL
2017-01-04D16:33:38.225308,0.00972,146,SELL
2017-01-04D16:33:39.241490,0.00972,105,SELL
2017-01-04D16:33:48.356042,0.00972,39,SELL
2017-01-04D16:33:59.671200,0.00972,209,SELL
2017-01-04D16:35:13.984825,0.00971,100,SELL
2017-01-04D16:36:05.391930,0.0097,10,SELL
2017-01-04D16:43:31.688858,0.00966,100,SELL
2017-01-04D16:43:31.688858,0.00965,100,SELL
2017-01-04D16:43:39.613205,0.00965,1,SELL
2017-01-04D16:43:50.603553,0.00964,400,SELL
2017-01-04D16:43:55.052610,0.00965,100,SELL
2017-01-04D16:43:55.052610,0.00964,300,SELL
2017-01-04D16:49:14.949376,0.00971,10,BUY
2017-01-04D16:50:03.203464,0.00977,100,BUY
2017-01-04D16:54:23.285041,0.00979,300,BUY
2017-01-04D17:18:32.587823,0.0096,10,SELL
2017-01-04D17:18:32.587823,0.0096,100,SELL
2017-01-04D17:19:11.040740,0.00954,1,BUY
2017-01-04D17:19:11.876468,0.00952,4,SELL
2017-01-04D17:19:11.876468,0.00951,125,SELL
2017-01-04D17:21:20.163618,0.0095,10,SELL
2017-01-04D17:21:20.163618,0.00944,250,SELL
2017-01-04D17:21:20.163618,0.00944,4,SELL
2017-01-04D17:21:20.163618,0.00942,1500,SELL
2017-01-04D17:21:20.163618,0.0094,10,SELL
2017-01-04D17:21:20.163618,0.00939,1700,SELL
2017-01-04D17:22:00.587395,0.00951,1300,BUY
2017-01-04D17:22:51.634723,0.00957,220,BUY
2017-01-04D17:29:42.210953,0.00948,1,SELL
2017-01-04D17:35:33.699561,0.00944,100,SELL
2017-01-04D17:35:46.536683,0.0094,10,SELL
2017-01-04D17:35:46.536683,0.0094,4,SELL
2017-01-04D17:35:46.536683,0.00939,486,SELL
2017-01-04D17:42:14.997735,0.00951,1,BUY
2017-01-04D17:42:53.965922,0.00951,2,BUY
2017-01-04D17:43:13.578843,0.00951,4,BUY
2017-01-04D17:43:29.392984,0.00951,8,BUY
2017-01-04D17:44:36.151422,0.00952,7,BUY
2017-01-04D17:45:19.753679,0.00951,3,BUY
2017-01-04D17:45:36.775170,0.00951,3,BUY
2017-01-04D17:45:49.245971,0.00953,250,BUY
2017-01-04D17:45:49.245971,0.00954,150,BUY
2017-01-04D17:47:30.372808,0.00953,50,BUY
2017-01-04D17:47:52.924182,0.00945,20,SELL
2017-01-04D17:52:53.021812,0.00946,450,SELL
2017-01-04D17:56:59.656714,0.00953,28,BUY
2017-01-04D18:11:00.536328,0.00948,250,BUY
2017-01-04D18:11:00.536328,0.00949,350,BUY
2017-01-04D18:24:59.773102,0.00945,12,SELL
2017-01-04D18:36:47.594324,0.00953,10,BUY
2017-01-04D18:42:38.257991,0.00957,2,BUY
2017-01-04D18:43:27.124220,0.00958,24,BUY
2017-01-04D19:13:16.618145,0.00957,250,BUY
2017-01-04D19:13:54.883275,0.00957,500,BUY
2017-01-04D19:16:39.278856,0.0096,70,BUY
2017-01-04D19:16:57.352568,0.00964,100,BUY
2017-01-04D19:17:00.029632,0.00964,100,SELL
2017-01-04D19:17:05.794362,0.00965,200,BUY
2017-01-04D19:18:16.770667,0.00966,5,BUY
2017-01-04D19:18:44.920935,0.00966,2,BUY
2017-01-04D19:24:51.682307,0.00966,1000,BUY
2017-01-04D19:25:41.510211,0.00966,4,BUY
2017-01-04D19:25:41.510211,0.00966,100,BUY
2017-01-04D19:25:41.510211,0.00966,1500,BUY
2017-01-04D19:31:57.384863,0.00967,108,SELL
2017-01-04D19:34:09.404467,0.00966,896,SELL
2017-01-04D19:36:38.127744,0.00966,103,BUY
2017-01-04D19:42:45.675824,0.0097,100,BUY
2017-01-04D19:43:07.665933,0.00978,4,BUY
2017-01-04D19:43:07.665933,0.00978,84,BUY
2017-01-04D19:45:40.176805,0.00976,4,BUY
2017-01-04D19:45:40.176805,0.00977,32,BUY
2017-01-04D19:46:12.318257,0.00976,100,BUY
2017-01-04D19:48:39.750458,0.00961,12,SELL
2017-01-04D20:03:25.406980,0.00958,12,BUY
2017-01-04D20:05:59.291085,0.00958,50,BUY
2017-01-04D20:09:06.638985,0.00958,100,BUY
2017-01-04D20:09:06.638985,0.0096,1400,BUY
2017-01-04D20:09:39.727522,0.00962,4,BUY
2017-01-04D20:09:39.727522,0.00962,100,BUY
2017-01-04D20:09:39.727522,0.00962,1400,BUY
2017-01-04D20:10:33.375351,0.00962,1500,SELL
2017-01-04D20:35:15.612948,0.00962,1,BUY
2017-01-04D20:39:58.631527,0.00961,11,SELL
2017-01-04D20:47:02.343913,0.00963,100,BUY
2017-01-04D20:50:10.463097,0.0097,10,BUY
2017-01-04D20:50:10.463097,0.0097,4,BUY
2017-01-04D20:50:10.463097,0.00972,36,BUY
2017-01-04D20:55:17.180246,0.00967,50,SELL
2017-01-04D20:55:33.131518,0.00974,10,BUY
2017-01-04D20:55:33.131518,0.00974,40,BUY
2017-01-04D20:55:37.485613,0.00975,50,BUY
2017-01-04D20:58:24.898840,0.00981,100,BUY
2017-01-04D20:58:24.898840,0.00981,100,BUY
2017-01-04D20:58:34.528730,0.00986,40,BUY
2017-01-04D20:58:34.528730,0.00987,4,BUY
2017-01-04D20:58:34.528730,0.00989,60,BUY
2017-01-04D20:58:34.528730,0.0099,4,BUY
2017-01-04D20:58:40.737412,0.00989,80,BUY
2017-01-04D20:58:40.737412,0.0099,28,BUY
2017-01-04D21:00:09.358185,0.00982,28,SELL
2017-01-04D21:00:14.498318,0.00983,100,SELL
2017-01-04D21:00:18.446798,0.00983,100,SELL
2017-01-04D21:00:32.718364,0.00983,100,BUY
2017-01-04D21:01:13.324389,0.00984,500,SELL
2017-01-04D21:01:41.992580,0.00979,300,SELL
2017-01-04D21:02:18.284497,0.00987,4,BUY
2017-01-04D21:02:18.284497,0.00988,100,BUY
2017-01-04D21:02:18.284497,0.00988,41,BUY
2017-01-04D21:26:46.962927,0.00979,100,BUY
2017-01-04D21:26:46.962927,0.00979,4,BUY
2017-01-04D21:26:46.962927,0.00981,4,BUY
2017-01-04D21:28:46.408143,0.00977,750,SELL
2017-01-04D21:28:46.408143,0.00977,300,SELL
2017-01-04D21:31:48.470476,0.00974,100,SELL
2017-01-04D21:31:48.470476,0.00973,10,SELL
2017-01-04D21:31:48.470476,0.00971,20,SELL
2017-01-04D21:31:48.470476,0.00969,30,SELL
2017-01-04D21:31:48.470476,0.00969,116,SELL
2017-01-04D21:41:03.570103,0.00981,4,BUY
2017-01-04D21:41:03.570103,0.00982,20,BUY
2017-01-04D22:10:33.059872,0.00976,1000,SELL
2017-01-04D22:18:26.622816,0.00971,10,SELL
2017-01-04D22:22:24.159092,0.00978,15,BUY
2017-01-04D22:26:57.319572,0.00967,5,SELL
2017-01-04D22:35:26.686045,0.00974,50,BUY
2017-01-04D22:37:47.213945,0.00964,5,SELL
2017-01-04D22:37:48.936786,0.00964,5,SELL
2017-01-04D22:38:11.394459,0.00964,15,SELL
2017-01-04D22:40:21.662205,0.00966,15,BUY
2017-01-04D22:40:28.386067,0.00966,300,BUY
2017-01-04D22:40:33.181637,0.00966,4,BUY
2017-01-04D22:40:33.181637,0.00967,100,BUY
2017-01-04D22:40:33.181637,0.00967,196,BUY
2017-01-04D22:40:39.883460,0.00968,77,BUY
2017-01-04D22:40:39.883460,0.00969,223,BUY
2017-01-04D22:42:17.635170,0.00965,100,SELL
2017-01-04D22:42:22.591320,0.00965,400,SELL
2017-01-04D22:44:32.303530,0.00964,180,SELL
2017-01-04D22:44:32.303530,0.00962,20,SELL
2017-01-04D22:59:54.518511,0.00962,71,SELL
2017-01-04D23:00:04.918020,0.00962,224,SELL
2017-01-04D23:00:17.502783,0.00962,74,SELL
2017-01-04D23:02:26.513204,0.00962,11,SELL
2017-01-04D23:08:41.665046,0.00959,1000,SELL
2017-01-04D23:15:26.702386,0.00963,1,BUY
2017-01-04D23:15:26.702386,0.00964,100,BUY
2017-01-04D23:16:03.432706,0.00968,10,BUY
2017-01-04D23:16:59.401927,0.00972,100,BUY
2017-01-04D23:19:25.767229,0.00972,71,SELL
2017-01-04D23:19:28.696319,0.00972,129,SELL
2017-01-04D23:36:49.676975,0.00977,15,BUY
2017-01-04D23:42:38.080638,0.00968,300,SELL
2017-01-05D00:06:37.091894,0.00976,12,BUY
2017-01-05D00:07:08.737293,0.00977,200,BUY
2017-01-05D00:07:45.463520,0.00979,100,BUY
2017-01-05D00:10:48.070572,0.00982,40,BUY
2017-01-05D00:18:36.432044,0.00987,2,BUY
2017-01-05D00:18:36.432044,0.0099,18,BUY
2017-01-05D00:18:36.432044,0.0099,4,BUY
2017-01-05D00:18:36.432044,0.00991,10,BUY
2017-01-05D00:18:36.432044,0.00992,100,BUY
2017-01-05D00:18:36.432044,0.00993,20,BUY
2017-01-05D00:18:36.432044,0.00993,46,BUY
2017-01-05D00:21:36.819890,0.00991,1,BUY
2017-01-05D00:22:00.356867,0.00984,1,SELL
2017-01-05D00:22:35.117177,0.00991,1,BUY
2017-01-05D00:22:35.117177,0.00993,4,BUY
2017-01-05D00:22:35.117177,0.00995,10,BUY
2017-01-05D00:22:35.117177,0.00995,10,BUY
2017-01-05D00:22:35.117177,0.00996,10,BUY
2017-01-05D00:22:35.117177,0.00996,465,BUY
2017-01-05D00:31:22.740757,0.00989,100,SELL
2017-01-05D00:31:22.740757,0.00987,400,SELL
2017-01-05D00:37:18.492819,0.00998,4,BUY
2017-01-05D00:37:18.492819,0.00999,96,BUY
2017-01-05D00:39:05.196153,0.00999,4,BUY
2017-01-05D00:39:05.196153,0.01,10,BUY
2017-01-05D00:39:05.196153,0.01,50,BUY
2017-01-05D00:39:05.196153,0.01002,20,BUY
2017-01-05D00:39:06.679053,0.01002,77,SELL
2017-01-05D00:39:09.342980,0.01002,139,SELL
2017-01-05D00:40:58.049739,0.01004,10,BUY
2017-01-05D00:40:58.049739,0.01004,990,BUY
2017-01-05D00:41:15.220102,0.01003,813,BUY
2017-01-05D00:42:55.225085,0.00998,50,SELL
2017-01-05D00:43:11.037828,0.01005,100,BUY
2017-01-05D00:43:11.037828,0.01007,10,BUY
2017-01-05D00:43:11.037828,0.01009,2500,BUY
2017-01-05D00:43:11.037828,0.01009,1500,BUY
2017-01-05D00:43:11.037828,0.0101,50,BUY
2017-01-05D00:43:14.696934,0.0101,587,SELL
2017-01-05D00:43:32.827299,0.0101,10,SELL
2017-01-05D00:44:41.841003,0.0101,10,SELL
2017-01-05D00:45:50.710287,0.0101,10,SELL
2017-01-05D00:47:40.435133,0.01011,1,BUY
2017-01-05D00:47:52.857623,0.01011,99,BUY
2017-01-05D00:48:10.659092,0.01012,109,BUY
2017-01-05D00:48:16.765352,0.01014,10,BUY
2017-01-05D00:48:37.131835,0.01017,100,BUY
2017-01-05D00:48:37.131835,0.01019,4,BUY
2017-01-05D00:48:58.932872,0.01023,50,BUY
2017-01-05D00:49:17.282437,0.01024,12,BUY
2017-01-05D00:49:30.403176,0.01024,38,SELL
2017-01-05D00:49:57.356024,0.01024,73,BUY
2017-01-05D00:49:57.356024,0.01025,10,BUY
2017-01-05D00:49:57.356024,0.01026,1,BUY
2017-01-05D00:49:57.356024,0.01027,1500,BUY
2017-01-05D00:49:57.356024,0.01029,100,BUY
2017-01-05D00:49:57.356024,0.0103,120,BUY
2017-01-05D00:49:57.356024,0.0103,4,BUY
2017-01-05D00:49:58.469678,0.0103,1500,SELL
2017-01-05D00:50:23.901752,0.0103,10,SELL
2017-01-05D00:50:44.540240,0.0103,361,SELL
2017-01-05D00:50:52.340735,0.0103,7,SELL
2017-01-05D00:51:33.817407,0.0103,73,SELL
2017-01-05D00:51:38.079652,0.0103,73,SELL
2017-01-05D00:51:42.276031,0.0103,73,SELL
2017-01-05D00:51:49.784159,0.01031,10,BUY
2017-01-05D00:51:49.784159,0.01031,4,BUY
2017-01-05D00:53:11.938503,0.0103,185,SELL
2017-01-05D00:53:12.891254,0.0103,185,SELL
2017-01-05D00:53:13.432967,0.0103,185,SELL
2017-01-05D00:53:13.574031,0.0103,77,SELL
2017-01-05D00:53:13.944379,0.0103,185,SELL
2017-01-05D00:53:20.544603,0.0103,278,SELL
2017-01-05D00:53:20.544603,0.01027,22,SELL
2017-01-05D00:53:57.675190,0.01033,10,BUY
2017-01-05D00:54:10.598742,0.01031,7,SELL
2017-01-05D00:54:11.581846,0.01031,7,SELL
2017-01-05D00:54:13.187609,0.01031,3,SELL
2017-01-05D00:54:13.649019,0.01031,3,SELL
2017-01-05D00:54:14.118045,0.01031,3,SELL
2017-01-05D00:55:30.486825,0.0103,7,SELL
2017-01-05D00:56:35.596629,0.0103,10,SELL
2017-01-05D00:56:38.855000,0.0103,316,SELL
2017-01-05D00:57:05.149211,0.01025,11,SELL
2017-01-05D00:57:05.582990,0.01025,11,SELL
2017-01-05D00:57:08.408969,0.01025,11,SELL
2017-01-05D00:57:09.371620,0.01025,1,SELL
2017-01-05D00:57:22.938738,0.01025,366,SELL
2017-01-05D00:57:22.938738,0.01025,134,SELL
2017-01-05D00:59:07.767893,0.01026,4,BUY
2017-01-05D00:59:09.404363,0.01026,4,SELL
2017-01-05D00:59:48.591554,0.01026,5,SELL
2017-01-05D00:59:55.250409,0.01029,1,BUY
2017-01-05D01:00:19.596291,0.01029,1,BUY
2017-01-05D01:01:54.057428,0.01026,300,SELL
2017-01-05D01:03:12.418293,0.01025,10,SELL
2017-01-05D01:03:43.178411,0.0102,6,SELL
2017-01-05D01:03:43.901042,0.0102,4,SELL
2017-01-05D01:03:44.369209,0.0102,4,SELL
2017-01-05D01:03:44.792592,0.0102,4,SELL
2017-01-05D01:05:13.821548,0.01018,3,SELL
2017-01-05D01:05:15.080107,0.01018,3,SELL
2017-01-05D01:05:15.819368,0.01018,1,SELL
2017-01-05D01:05:17.227012,0.01018,1,SELL
2017-01-05D01:05:17.598688,0.01018,1,SELL
2017-01-05D01:05:18.038535,0.01018,1,SELL
2017-01-05D01:05:42.414297,0.01018,7,SELL
2017-01-05D01:05:45.324024,0.01018,7,SELL
2017-01-05D01:05:45.406480,0.01018,7,SELL
2017-01-05D01:06:07.186786,0.01018,1,SELL
2017-01-05D01:06:08.569593,0.01018,1,SELL
2017-01-05D01:06:15.747196,0.01018,1,SELL
2017-01-05D01:07:57.278922,0.01018,183,SELL
2017-01-05D01:08:38.407974,0.01013,7,SELL
2017-01-05D01:08:39.261301,0.01013,3,SELL
2017-01-05D01:08:40.054472,0.01011,15,SELL
2017-01-05D01:10:31.004466,0.01008,4,SELL
2017-01-05D01:11:05.914413,0.01007,10,SELL
2017-01-05D01:11:05.914413,0.01007,40,SELL
2017-01-05D01:12:13.098310,0.01009,4,SELL
2017-01-05D01:12:33.992539,0.01012,10,BUY
2017-01-05D01:12:59.425905,0.01012,2,SELL
2017-01-05D01:16:12.478412,0.01017,10,BUY
2017-01-05D01:16:12.478412,0.01017,4,BUY
2017-01-05D01:16:47.320575,0.01019,10,BUY
2017-01-05D01:16:47.320575,0.01019,4,BUY
2017-01-05D01:16:47.320575,0.01024,96,BUY
2017-01-05D01:17:03.175424,0.01024,5,BUY
2017-01-05D01:17:15.607857,0.01029,1,BUY
2017-01-05D01:17:45.942938,0.01031,100,BUY
2017-01-05D01:18:01.625933,0.0103,10,BUY
2017-01-05D01:18:10.531180,0.01034,10,BUY
2017-01-05D01:18:10.531180,0.01034,4,BUY
2017-01-05D01:18:26.345894,0.01036,15,BUY
2017-01-05D01:22:35.229948,0.01029,10,BUY
2017-01-05D01:27:51.957231,0.01033,10,BUY
2017-01-05D01:27:51.957231,0.01033,10,BUY
2017-01-05D01:27:51.957231,0.01035,20,BUY
2017-01-05D01:29:20.718886,0.01027,500,SELL
2017-01-05D01:29:46.936489,0.01024,1,SELL
2017-01-05D01:43:15.628262,0.01026,1500,SELL
2017-01-05D01:49:37.206888,0.01024,100,SELL
2017-01-05D01:49:37.206888,0.01022,10,SELL
2017-01-05D01:49:37.206888,0.01022,591,SELL
2017-01-05D01:49:37.206888,0.01022,299,SELL
2017-01-05D01:49:46.890946,0.01023,300,SELL
2017-01-05D01:50:08.962849,0.01021,500,SELL
2017-01-05D01:50:10.365352,0.01023,300,BUY
2017-01-05D01:52:05.560795,0.01025,4,BUY
2017-01-05D01:52:43.625231,0.01027,10,BUY
2017-01-05D01:52:43.625231,0.01029,20,BUY
2017-01-05D01:52:43.625231,0.0103,10,BUY
2017-01-05D01:52:43.625231,0.01031,30,BUY
2017-01-05D01:52:43.625231,0.01032,30,BUY
2017-01-05D01:54:00.847403,0.01021,250,SELL
2017-01-05D01:54:36.559047,0.0103,10,BUY
2017-01-05D01:54:36.559047,0.01032,110,BUY
2017-01-05D01:54:36.559047,0.01032,80,BUY
2017-01-05D02:07:04.811358,0.01018,1,SELL
2017-01-05D02:07:45.665686,0.01018,185,SELL
2017-01-05D02:08:16.405873,0.01018,37,BUY
2017-01-05D02:08:16.405873,0.01018,4,BUY
2017-01-05D02:08:26.334414,0.0102,1000,BUY
2017-01-05D02:11:19.576616,0.01018,10,SELL
2017-01-05D02:11:32.472474,0.0102,4,BUY
2017-01-05D02:12:13.505235,0.01018,10,SELL
2017-01-05D02:12:41.838742,0.01018,3,SELL
2017-01-05D02:12:58.927953,0.01018,1,SELL
2017-01-05D02:13:01.007132,0.01018,10,SELL
2017-01-05D02:13:22.843729,0.01018,225,SELL
2017-01-05D02:13:34.417172,0.01018,1,BUY
2017-01-05D02:13:53.845262,0.01007,1,SELL
2017-01-05D02:14:03.434890,0.01007,91,SELL
2017-01-05D02:14:34.441601,0.01007,200,SELL
2017-01-05D02:14:57.282247,0.01007,145,SELL
2017-01-05D02:25:47.160648,0.01017,4,BUY
2017-01-05D02:26:26.896532,0.01022,1,BUY
2017-01-05D02:34:00.105157,0.01028,4,BUY
2017-01-05D02:34:00.105157,0.01029,100,BUY
2017-01-05D02:34:00.105157,0.01029,1496,BUY
2017-01-05D02:40:30.773533,0.01014,336,SELL
2017-01-05D02:40:30.773533,0.01013,1500,SELL
2017-01-05D02:40:30.773533,0.01009,437,SELL
2017-01-05D02:40:30.773533,0.01007,154,SELL
2017-01-05D02:40:30.773533,0.01007,1273,SELL
2017-01-05D02:41:06.380302,0.01008,100,SELL
2017-01-05D02:41:18.675027,0.01008,5,SELL
2017-01-05D02:42:10.318693,0.01006,222,SELL
2017-01-05D02:55:41.339352,0.01011,4,BUY
2017-01-05D02:55:41.339352,0.01015,5,BUY
2017-01-05D02:55:41.339352,0.01016,11,BUY
2017-01-05D02:59:43.177883,0.01016,10,BUY
2017-01-05D02:59:43.177883,0.01019,190,BUY
2017-01-05D03:11:59.972433,0.01017,4,BUY
2017-01-05D03:11:59.972433,0.01018,10,BUY
2017-01-05D03:11:59.972433,0.01018,1,BUY
2017-01-05D03:13:22.401163,0.0101,5,SELL
2017-01-05D03:19:41.326612,0.0101,9,SELL
2017-01-05D03:21:06.875687,0.0101,1,SELL
2017-01-05D03:21:15.301783,0.01013,1,BUY
2017-01-05D03:38:05.627924,0.0101,4,SELL
2017-01-05D03:38:06.389183,0.0101,4,SELL
2017-01-05D03:38:34.447269,0.0101,1,SELL
2017-01-05D03:38:35.675632,0.0101,1,SELL
2017-01-05D03:38:36.308542,0.0101,1,SELL
2017-01-05D03:38:41.014338,0.0101,1,SELL
2017-01-05D03:38:41.737980,0.0101,1,SELL
2017-01-05D03:41:55.833360,0.01011,4,BUY
2017-01-05D03:41:55.833360,0.01014,26,BUY
2017-01-05D03:44:10.519173,0.0101,7,SELL
2017-01-05D03:44:10.519173,0.01007,10,SELL
2017-01-05D03:44:10.519173,0.01004,13,SELL
2017-01-05D03:46:28.731390,0.01003,15,SELL
2017-01-05D04:16:13.856322,0.00999,4,SELL
2017-01-05D04:20:48.468805,0.00998,335,SELL
2017-01-05D04:28:49.247289,0.00998,165,SELL
2017-01-05D04:28:49.247289,0.00996,100,SELL
2017-01-05D04:28:49.247289,0.00996,1500,SELL
2017-01-05D04:28:49.247289,0.00995,10,SELL
2017-01-05D04:28:49.247289,0.00993,20,SELL
2017-01-05D04:28:49.247289,0.00993,20,SELL
2017-01-05D04:28:49.247289,0.00992,1000,SELL
2017-01-05D04:28:51.792637,0.00992,1500,BUY
2017-01-05D04:29:37.480114,0.00992,81,BUY
2017-01-05D04:30:46.902274,0.00992,76,BUY
2017-01-05D04:31:48.468197,0.00992,20,BUY
2017-01-05D04:35:50.175948,0.00992,508,BUY
2017-01-05D04:37:42.356279,0.01003,1500,BUY
2017-01-05D04:42:08.817074,0.01003,15,BUY
2017-01-05D04:50:30.031055,0.00997,50,SELL
2017-01-05D04:54:32.366308,0.01005,100,BUY
2017-01-05D05:18:25.012434,0.01011,100,BUY
2017-01-05D05:18:25.012434,0.01011,4,BUY
2017-01-05D05:18:25.012434,0.01013,896,BUY
2017-01-05D05:35:19.662258,0.01002,300,SELL
2017-01-05D05:45:19.569613,0.01003,4,BUY
2017-01-05D05:45:19.569613,0.01005,996,BUY
2017-01-05D05:46:40.326303,0.00999,20,SELL
2017-01-05D05:52:42.584885,0.01004,4,BUY
2017-01-05D05:52:42.584885,0.01006,5,BUY
2017-01-05D05:52:42.584885,0.01007,1,BUY
2017-01-05D06:18:34.981276,0.01004,1500,BUY
2017-01-05D06:18:34.981276,0.01004,313,BUY
2017-01-05D06:18:34.981276,0.01006,4,BUY
2017-01-05D06:18:34.981276,0.01012,10,BUY
2017-01-05D06:18:34.981276,0.01013,5,BUY
2017-01-05D06:18:45.521753,0.0101,10,SELL
2017-01-05D06:27:13.527967,0.0101,97,SELL
2017-01-05D06:32:19.144044,0.01004,10,SELL
2017-01-05D06:50:25.233553,0.01014,4,BUY
2017-01-05D06:52:45.617491,0.01014,4,BUY
2017-01-05D06:52:45.617491,0.01015,10,BUY
2017-01-05D06:52:45.617491,0.01015,994,BUY
2017-01-05D07:02:21.755883,0.01002,10,SELL
2017-01-05D07:24:10.451118,0.0101,100,BUY
2017-01-05D07:24:10.451118,0.0101,4,BUY
2017-01-05D07:24:31.726427,0.0101,100,SELL
2017-01-05D07:24:52.691634,0.0101,100,SELL
2017-01-05D07:25:13.782049,0.0101,100,SELL
2017-01-05D07:25:28.006057,0.0101,74,SELL
2017-01-05D07:25:29.859470,0.0101,522,SELL
2017-01-05D07:30:04.563953,0.01006,100,BUY
2017-01-05D07:30:04.563953,0.01006,4,BUY
2017-01-05D07:30:04.563953,0.01009,10,BUY
2017-01-05D07:30:04.563953,0.01009,886,BUY
2017-01-05D07:37:00.393974,0.01007,4,BUY
2017-01-05D07:37:00.393974,0.01007,16,BUY
2017-01-05D07:46:31.693451,0.01007,4,BUY
2017-01-05D07:46:31.693451,0.01009,100,BUY
2017-01-05D07:46:31.693451,0.01009,896,BUY
2017-01-05D07:48:32.268300,0.01006,1598,SELL
2017-01-05D07:48:32.737528,0.01006,402,SELL
2017-01-05D07:50:53.684584,0.01004,20,SELL
2017-01-05D07:53:23.193885,0.01004,950,SELL
2017-01-05D07:53:23.575880,0.01004,30,SELL
2017-01-05D07:54:21.539930,0.01001,10,SELL
2017-01-05D08:11:00.125439,0.01002,4,BUY
2017-01-05D08:11:00.125439,0.01006,10,BUY
2017-01-05D08:11:02.235550,0.01006,4,SELL
2017-01-05D08:11:07.141120,0.01006,2,SELL
2017-01-05D08:13:12.553052,0.01002,10,SELL
2017-01-05D08:18:08.113300,0.01001,4,BUY
2017-01-05D08:18:08.113300,0.01001,100,BUY
2017-01-05D08:18:16.650526,0.01001,20,SELL
2017-01-05D08:19:32.287785,0.01001,756,SELL
2017-01-05D08:21:13.841354,0.01001,4,BUY
2017-01-05D08:21:13.841354,0.01005,16,BUY
2017-01-05D08:22:08.525831,0.00999,20,SELL
2017-01-05D08:26:18.943038,0.01,1500,BUY
2017-01-05D08:26:59.675988,0.01,4,BUY
2017-01-05D08:31:20.525119,0.01,196,SELL
2017-01-05D08:31:27.323251,0.00999,15,SELL
2017-01-05D08:32:09.766651,0.00998,40,SELL
2017-01-05D08:35:14.371058,0.00997,10,SELL
2017-01-05D08:38:29.428192,0.00995,400,SELL
2017-01-05D08:40:53.250217,0.00992,20,SELL
2017-01-05D08:44:01.030117,0.00989,45,SELL
2017-01-05D08:46:31.882536,0.00989,25,SELL
2017-01-05D08:49:43.294377,0.00989,20,SELL
2017-01-05D08:55:54.023739,0.00989,10,SELL
2017-01-05D08:56:38.823436,0.00989,365,SELL
2017-01-05D08:56:39.194811,0.00989,35,SELL
2017-01-05D08:58:03.973337,0.00987,200,SELL
2017-01-05D08:58:08.276508,0.00986,100,SELL
2017-01-05D08:58:31.455142,0.0098,10,SELL
2017-01-05D08:59:32.420250,0.00985,100,BUY
2017-01-05D08:59:32.420250,0.00985,4,BUY
2017-01-05D09:04:25.637726,0.00982,100,BUY
2017-01-05D09:04:25.637726,0.00983,214,BUY
2017-01-05D09:04:25.637726,0.00986,186,BUY
2017-01-05D09:04:54.540996,0.00981,100,BUY
2017-01-05D09:04:54.540996,0.00981,4,BUY
2017-01-05D09:04:54.540996,0.00983,10,BUY
2017-01-05D09:04:54.540996,0.00984,156,BUY
2017-01-05D09:05:34.411302,0.0098,5,SELL
2017-01-05D09:05:44.662295,0.00978,30,SELL
2017-01-05D09:06:02.507577,0.00978,2,SELL
2017-01-05D09:08:33.550664,0.0098,4,BUY
2017-01-05D09:08:33.550664,0.00983,96,BUY
2017-01-05D09:08:55.702180,0.00983,10,BUY
2017-01-05D09:08:55.702180,0.00983,100,BUY
2017-01-05D09:08:55.702180,0.00984,10,BUY
2017-01-05D09:08:55.702180,0.00985,4,BUY
2017-01-05D09:10:04.831054,0.00982,990,SELL
2017-01-05D09:10:37.110676,0.00982,5,SELL
2017-01-05D09:10:41.582647,0.00982,5,SELL
2017-01-05D09:10:57.312479,0.00982,10,BUY
2017-01-05D09:10:57.312479,0.00982,4,BUY
2017-01-05D09:10:57.312479,0.00985,86,BUY
2017-01-05D09:11:14.082050,0.00985,40,BUY
2017-01-05D09:17:00.387059,0.00978,98,SELL
2017-01-05D09:18:48.238838,0.00975,10,SELL
2017-01-05D09:19:11.599744,0.00972,100,SELL
2017-01-05D09:19:31.585452,0.00969,100,SELL
2017-01-05D09:19:31.585452,0.00969,100,SELL
2017-01-05D09:19:31.585452,0.00966,500,SELL
2017-01-05D09:19:31.585452,0.00966,1500,SELL
2017-01-05D09:19:32.331095,0.00966,1500,BUY
2017-01-05D09:19:42.897701,0.00966,4,BUY
2017-01-05D09:19:42.897701,0.00966,710,BUY
2017-01-05D09:23:18.101234,0.00971,4,BUY
2017-01-05D09:23:18.101234,0.00972,10,BUY
2017-01-05D09:23:18.101234,0.00972,86,BUY
2017-01-05D09:24:44.423451,0.00975,100,BUY
2017-01-05D09:25:14.998394,0.00987,1500,BUY
2017-01-05D09:25:20.167049,0.00987,70,BUY
2017-01-05D09:25:22.607222,0.00987,100,BUY
2017-01-05D09:25:59.738614,0.00987,79,BUY
2017-01-05D09:28:05.034818,0.00988,50,BUY
2017-01-05D09:28:25.582199,0.00993,1000,BUY
2017-01-05D09:28:42.000801,0.00994,10,BUY
2017-01-05D09:28:50.973267,0.00993,2,BUY
2017-01-05D09:31:12.816844,0.0098,2,BUY
2017-01-05D09:42:59.278747,0.00976,100,SELL
2017-01-05D09:45:12.874797,0.00966,5,SELL
2017-01-05D09:46:47.108594,0.00963,5,SELL
2017-01-05D09:46:50.481967,0.00963,5,SELL
2017-01-05D09:47:39.362491,0.00963,100,SELL
2017-01-05D09:53:49.775135,0.00963,5,SELL
2017-01-05D09:57:25.010937,0.00963,30,SELL
2017-01-05D09:59:57.067366,0.00962,100,SELL
2017-01-05D10:02:45.949047,0.0096,25,SELL
2017-01-05D10:02:48.559550,0.0096,47,SELL
2017-01-05D10:02:49.937763,0.0096,28,SELL
2017-01-05D10:07:20.548661,0.00953,9,SELL
2017-01-05D10:07:31.455333,0.00953,12,SELL
2017-01-05D10:08:01.030022,0.00953,19,SELL
2017-01-05D10:09:16.602256,0.0095,450,SELL
2017-01-05D10:09:16.602256,0.00949,30,SELL
2017-01-05D10:09:16.602256,0.00948,42,SELL
2017-01-05D10:09:17.274953,0.00948,58,SELL
2017-01-05D10:09:17.274953,0.00947,50,SELL
2017-01-05D10:09:20.066529,0.00945,33,SELL
2017-01-05D10:09:20.066529,0.0094,30,SELL
2017-01-05D10:09:20.066529,0.00939,100,SELL
2017-01-05D10:09:20.066529,0.00938,50,SELL
2017-01-05D10:09:20.066529,0.00937,70,SELL
2017-01-05D10:09:20.066529,0.00937,517,SELL
2017-01-05D10:09:20.066529,0.00937,30,SELL
2017-01-05D10:09:41.473091,0.00935,210,SELL
2017-01-05D10:09:41.787143,0.00935,20,SELL
2017-01-05D10:10:58.980342,0.00946,2,BUY
2017-01-05D10:11:06.473145,0.00944,30,BUY
2017-01-05D10:11:21.263339,0.00947,40,BUY
2017-01-05D10:11:34.410973,0.00936,30,SELL
2017-01-05D10:11:34.410973,0.00936,35,SELL
2017-01-05D10:11:45.566780,0.00936,5,SELL
2017-01-05D10:11:49.552149,0.00936,5,SELL
2017-01-05D10:11:59.917030,0.00937,5,SELL
2017-01-05D10:12:36.397648,0.00946,30,BUY
2017-01-05D10:18:12.498688,0.00948,15,BUY
2017-01-05D10:21:02.241350,0.00957,10,BUY
2017-01-05D10:21:04.846780,0.00959,30,BUY
2017-01-05D10:22:00.642719,0.00972,5,BUY
2017-01-05D10:24:29.613305,0.00972,5,BUY
2017-01-05D10:26:59.293669,0.0098,1500,BUY
2017-01-05D10:30:17.269524,0.00979,4,SELL
2017-01-05D10:33:19.052638,0.00975,2,SELL
2017-01-05D10:33:41.565452,0.00975,465,SELL
2017-01-05D10:34:46.935775,0.00974,1,SELL
2017-01-05D10:35:11.700902,0.00982,1,BUY
2017-01-05D10:36:51.759749,0.00971,15,SELL
2017-01-05D10:37:02.124533,0.00968,1500,SELL
2017-01-05D10:47:20.382256,0.00967,5,SELL
2017-01-05D10:50:26.821959,0.00971,50,BUY
2017-01-05D10:51:42.939522,0.00969,2,SELL
2017-01-05D11:21:16.702218,0.00967,2,SELL
2017-01-05D11:26:21.554483,0.00967,798,SELL
2017-01-05D11:27:23.527424,0.00969,4,BUY
2017-01-05D11:28:43.152415,0.00962,2,SELL
2017-01-05D11:28:45.065928,0.00962,8,SELL
2017-01-05D11:28:45.065928,0.0096,22,SELL
2017-01-05D11:33:29.498364,0.00956,777,SELL
2017-01-05D11:35:37.473096,0.00958,777,SELL
2017-01-05D11:45:11.874781,0.00972,10,BUY
2017-01-05D11:45:11.874781,0.00974,10,BUY
2017-01-05D11:49:50.638567,0.00974,2,BUY
2017-01-05D11:49:50.638567,0.00975,28,BUY
2017-01-05D11:50:36.617208,0.00976,10,BUY
2017-01-05D11:50:51.610852,0.00978,1500,BUY
2017-01-05D11:50:51.610852,0.0098,30,BUY
2017-01-05D11:50:51.610852,0.00981,14,BUY
2017-01-05D11:58:44.140732,0.00971,20,SELL
2017-01-05D12:28:06.395078,0.00979,10,BUY
2017-01-05D12:28:06.395078,0.00982,10,BUY
2017-01-05D12:30:49.453397,0.00973,10,SELL
2017-01-05D12:43:21.316966,0.00982,10,BUY
2017-01-05D12:45:45.393237,0.00982,29,BUY
2017-01-05D12:49:01.499923,0.00987,100,BUY
2017-01-05D12:51:03.890199,0.00993,100,BUY
2017-01-05D12:52:58.140128,0.00999,5,SELL
2017-01-05D12:54:05.654224,0.01003,30,BUY
2017-01-05D12:54:05.654224,0.01003,100,BUY
2017-01-05D12:54:05.654224,0.01003,4,BUY
2017-01-05D12:54:57.706104,0.01005,10,BUY
2017-01-05D12:55:30.477086,0.01009,30,BUY
2017-01-05D12:56:31.040203,0.01011,100,BUY
2017-01-05D12:56:31.040203,0.01011,100,BUY
2017-01-05D12:57:31.722179,0.01015,30,BUY
2017-01-05D12:57:48.022980,0.01019,313,BUY
2017-01-05D12:57:48.022980,0.0102,240,BUY
2017-01-05D12:57:48.022980,0.0102,100,BUY
2017-01-05D12:57:48.022980,0.01021,50,BUY
2017-01-05D12:57:53.509948,0.01023,10,BUY
2017-01-05D12:57:53.509948,0.01023,70,BUY
2017-01-05D12:57:53.509948,0.01023,30,BUY
2017-01-05D12:57:53.509948,0.01025,50,BUY
2017-01-05D12:57:53.509948,0.01025,100,BUY
2017-01-05D12:58:06.597488,0.01029,100,BUY
2017-01-05D12:59:20.674477,0.01027,30,SELL
2017-01-05D13:00:06.610968,0.0102,30,SELL
2017-01-05D13:02:29.966477,0.01014,100,SELL
2017-01-05D13:02:36.413777,0.01013,4,SELL
2017-01-05D13:02:51.338455,0.01012,100,SELL
2017-01-05D13:02:51.338455,0.01011,50,SELL
2017-01-05D13:03:18.701008,0.01004,30,SELL
2017-01-05D13:03:18.701008,0.01002,120,SELL
2017-01-05D13:03:18.701008,0.01002,50,SELL
2017-01-05D13:03:18.701008,0.01,400,SELL
2017-01-05D13:07:54.503908,0.01015,30,BUY
2017-01-05D13:07:54.503908,0.01016,10,BUY
2017-01-05D13:08:20.910593,0.01019,100,BUY
2017-01-05D13:08:20.910593,0.01021,4,BUY
2017-01-05D13:08:23.108277,0.01022,30,BUY
2017-01-05D13:11:19.791772,0.01029,30,BUY
2017-01-05D13:12:23.454949,0.01036,100,BUY
2017-01-05D13:14:44.151301,0.01037,10,BUY
2017-01-05D13:15:40.094592,0.01043,100,BUY
2017-01-05D13:16:03.840463,0.01041,1500,SELL
2017-01-05D13:16:03.840463,0.01035,4,SELL
2017-01-05D13:16:03.840463,0.01035,1144,SELL
2017-01-05D13:19:58.609524,0.01043,250,BUY
2017-01-05D13:20:38.410352,0.01036,100,SELL
2017-01-05D13:20:39.696768,0.01035,500,BUY
2017-01-05D13:20:55.894546,0.01033,30,SELL
2017-01-05D13:21:10.804086,0.01028,10,SELL
2017-01-05D13:21:48.837540,0.01025,30,SELL
2017-01-05D13:21:48.837540,0.01024,463,SELL
2017-01-05D13:21:48.837540,0.01023,50,SELL
2017-01-05D13:23:13.821445,0.01016,30,SELL
2017-01-05D13:23:38.574589,0.01009,10,SELL
2017-01-05D13:29:12.866746,0.01004,30,SELL
2017-01-05D13:30:59.596961,0.00992,10,SELL
2017-01-05D13:31:42.593195,0.00997,10,BUY
2017-01-05D13:35:27.497394,0.01,30,BUY
2017-01-05D13:43:40.833824,0.01007,30,BUY
2017-01-05D13:43:47.880899,0.01009,100,BUY
2017-01-05D13:46:50.066942,0.01009,10,SELL
2017-01-05D13:46:58.018264,0.01007,50,SELL
2017-01-05D13:48:29.425424,0.01007,50,BUY
2017-01-05D13:48:29.425424,0.01007,4,BUY
2017-01-05D13:49:30.097784,0.01013,91,BUY
2017-01-05D13:55:11.977279,0.01014,10,BUY
2017-01-05D13:57:52.534615,0.01013,50,BUY
2017-01-05D13:58:54.727170,0.0101,100,BUY
2017-01-05D14:06:07.815732,0.01004,10,SELL
2017-01-05D14:48:27.290786,0.01011,120,BUY
2017-01-05D14:48:46.444623,0.01019,22,BUY
2017-01-05D14:49:01.502076,0.0102,10,BUY
2017-01-05D14:55:15.779250,0.01024,30,BUY
2017-01-05D14:55:15.779250,0.01025,10,BUY
2017-01-05D15:13:49.976194,0.01023,1,BUY
2017-01-05D15:30:13.974976,0.01022,1500,BUY
2017-01-05D15:30:13.974976,0.01025,30,BUY
2017-01-05D15:39:57.735595,0.01027,100,BUY
2017-01-05D15:42:46.866066,0.01022,500,SELL
2017-01-05D15:47:07.083457,0.01021,30,SELL
2017-01-05D16:01:45.483314,0.01025,30,BUY
2017-01-05D16:27:18.346300,0.0103,1,BUY
2017-01-05D16:27:18.346300,0.0103,40,BUY
2017-01-05D16:34:26.981146,0.01027,30,SELL
2017-01-05D16:34:37.246123,0.01025,500,SELL
2017-01-05D16:59:01.914851,0.0102,30,SELL
2017-01-05D16:59:01.914851,0.01018,50,SELL
2017-01-05D16:59:01.914851,0.01018,20,SELL
2017-01-05D16:59:05.169576,0.01017,30,SELL
2017-01-05D17:01:38.617270,0.01022,145,BUY
2017-01-05D17:01:57.129092,0.01022,140,BUY
2017-01-05D17:02:03.772073,0.01023,100,BUY
2017-01-05D17:02:03.772073,0.01023,144,BUY
2017-01-05D17:02:09.091910,0.01023,136,BUY
2017-01-05D17:04:20.022172,0.0102,1500,BUY
2017-01-05D17:13:55.830288,0.01014,91,SELL
2017-01-05D17:26:48.393337,0.01026,30,BUY
2017-01-05D17:32:50.731454,0.01029,10,BUY
2017-01-05D17:32:50.731454,0.0103,40,BUY
2017-01-05D18:16:58.763716,0.0103,323,BUY
2017-01-05D18:19:36.697779,0.01034,16,BUY
2017-01-05D18:43:20.200938,0.01036,3,BUY
2017-01-05D18:43:20.200938,0.01038,40,BUY
2017-01-05D18:43:20.200938,0.01041,100,BUY
2017-01-05D18:43:20.200938,0.01041,57,BUY
2017-01-05D18:57:45.901211,0.01035,200,SELL
2017-01-05D19:24:22.931064,0.01035,300,BUY
2017-01-05D19:54:18.349008,0.01038,297,BUY
2017-01-05D19:56:43.355219,0.01041,30,BUY
2017-01-05D20:38:10.662267,0.01038,30,SELL
2017-01-05D20:52:32.667093,0.01048,30,BUY
2017-01-05D21:00:37.601733,0.01042,100,SELL
2017-01-05D21:00:39.817295,0.01044,100,SELL
2017-01-05D21:01:39.712544,0.01043,100,SELL
2017-01-05D21:02:07.706115,0.01044,100,BUY
2017-01-05D21:03:33.366664,0.01043,100,SELL
2017-01-05D21:19:07.826666,0.01044,100,BUY
2017-01-05D21:19:32.734567,0.01045,80,BUY
2017-01-05D21:19:32.734567,0.01045,130,BUY
2017-01-05D21:20:02.630143,0.01045,100,SELL
2017-01-05D21:20:05.626948,0.01045,100,SELL
2017-01-05D21:20:06.878147,0.01045,100,SELL
2017-01-05D21:20:07.502282,0.01045,90,SELL
2017-01-05D21:39:14.438187,0.01045,10,BUY
2017-01-05D21:39:34.523903,0.01045,100,BUY
2017-01-05D21:39:34.523903,0.01047,30,BUY
2017-01-05D21:39:34.523903,0.01048,170,BUY
2017-01-05D21:39:39.360514,0.01047,30,BUY
2017-01-05D21:39:39.360514,0.01048,270,BUY
2017-01-05D21:51:48.015268,0.01045,100,BUY
2017-01-05D21:59:07.003991,0.01049,40,BUY
2017-01-05D21:59:07.003991,0.01049,30,BUY
2017-01-05D21:59:07.003991,0.01054,10,BUY
2017-01-05D21:59:07.003991,0.01055,320,BUY
2017-01-05D21:59:15.960443,0.01054,500,BUY
2017-01-05D22:07:01.434943,0.0105,50,BUY
2017-01-05D22:18:18.962159,0.01042,30,SELL
2017-01-05D22:18:18.962159,0.01036,100,SELL
2017-01-05D22:18:18.962159,0.01036,50,SELL
2017-01-05D22:18:18.962159,0.01036,120,SELL
2017-01-05D22:19:25.979780,0.01036,81,SELL
2017-01-05D22:20:43.204199,0.01034,30,SELL
2017-01-05D22:21:33.225769,0.01034,570,SELL
2017-01-05D22:24:13.282525,0.01033,400,SELL
2017-01-05D22:34:10.330114,0.01032,10,SELL
2017-01-05D22:40:50.401005,0.01031,4,SELL
2017-01-05D22:40:50.401005,0.0103,96,SELL
2017-01-05D22:41:52.751276,0.01027,10,SELL
2017-01-05D22:44:16.498556,0.01023,100,SELL
2017-01-05D22:44:16.498556,0.01022,30,SELL
2017-01-05D22:44:16.498556,0.01022,4,SELL
2017-01-05D22:44:36.486198,0.01019,1226,SELL
2017-01-05D22:46:27.949799,0.01015,30,SELL
2017-01-05D22:46:27.949799,0.01014,370,SELL
2017-01-05D22:49:36.394028,0.01013,5,SELL
2017-01-05D23:11:47.927867,0.01028,30,BUY
2017-01-05D23:14:03.681590,0.01028,20,BUY
2017-01-05D23:25:29.456848,0.01026,4,SELL
2017-01-05D23:25:29.456848,0.01021,16,SELL
2017-01-05D23:34:46.733639,0.01025,4,SELL
2017-01-05D23:34:46.733639,0.01023,26,SELL
2017-01-05D23:43:20.206931,0.0102,20,SELL
2017-01-05D23:44:32.917484,0.0102,60,SELL
