2017-01-01D00:11:42.593447,7089.2,12156,SELL
2017-01-01D00:13:56.411674,7088.9,1000,SELL
2017-01-01D01:18:13.533295,7094.3,6500,SELL
2017-01-01D01:26:01.325695,7091,15000,SELL
2017-01-01D01:41:36.667651,7085,400,SELL
2017-01-01D01:41:43.735709,7080,400,SELL
2017-01-01D02:22:09.995891,7093.1,1000,SELL
2017-01-01D02:35:55.790320,7074.8,1000,SELL
2017-01-01D02:38:34.482435,7070,400,SELL
2017-01-01D03:29:23.959815,7082,15000,BUY
2017-01-01D03:29:45.691773,7082,555,BUY
2017-01-01D03:29:45.691773,7089.2,445,BUY
2017-01-01D03:31:24.533016,7093.3,1000,BUY
2017-01-01D04:01:41.326289,7060,400,SELL
2017-01-01D04:03:31.910598,7050,400,SELL
2017-01-01D04:28:36.318625,7043,400,SELL
2017-01-01D05:02:34.445721,7069.6,11,BUY
2017-01-01D05:49:14.958729,7070,11,SELL
2017-01-01D05:49:14.958729,7063.3,400,SELL
2017-01-01D05:49:14.958729,7063.2,789,SELL
2017-01-01D05:49:26.413678,7062.1,1200,SELL
2017-01-01D05:49:59.834979,7075.5,1200,BUY
2017-01-01D06:21:27.079296,7074.6,1,BUY
2017-01-01D06:35:28.631114,7079,280,BUY
2017-01-01D06:35:32.394046,7080,400,BUY
2017-01-01D06:35:59.945608,7088,1000,BUY
2017-01-01D06:36:07.649542,7090,400,BUY
2017-01-01D06:36:15.376942,7095,15000,BUY
2017-01-01D06:38:36.972596,7095,555,BUY
2017-01-01D06:40:35.445507,7100,11,BUY
2017-01-01D06:40:43.451826,7098.3,11,BUY
2017-01-01D06:42:39.632440,7100,389,BUY
2017-01-01D06:43:39.356508,7102.2,400,BUY
2017-01-01D06:43:39.356508,7102.3,600,BUY
2017-01-01D06:48:15.356342,7100,11,SELL
2017-01-01D07:00:47.995262,7108.3,11,BUY
2017-01-01D07:01:09.152922,7110,11,BUY
2017-01-01D07:01:17.722887,7110,389,BUY
2017-01-01D07:48:05.521402,7101.2,50,BUY
2017-01-01D09:49:33.956137,7085.1,80,SELL
2017-01-01D10:05:49.978028,7102.9,2000,BUY
2017-01-01D10:06:29.802962,7115.9,500,BUY
2017-01-01D10:06:33.412206,7120,400,BUY
2017-01-01D10:06:33.412206,7120,50,BUY
2017-01-01D10:06:36.999030,7120.9,750,BUY
2017-01-01D10:06:36.999030,7123.4,750,BUY
2017-01-01D10:06:36.999030,7125,15000,BUY
2017-01-01D10:06:36.999030,7125,555,BUY
2017-01-01D10:06:36.999030,7125,14445,BUY
2017-01-01D10:06:36.999030,7125,1110,BUY
2017-01-01D10:06:36.999030,7126.4,400,BUY
2017-01-01D10:06:36.999030,7130.9,1000,BUY
2017-01-01D10:06:36.999030,7133.4,2000,BUY
2017-01-01D10:06:36.999030,7141.3,400,BUY
2017-01-01D10:06:44.524181,7150.4,400,BUY
2017-01-01D10:06:44.524181,7150.5,10000,BUY
2017-01-01D10:06:45.149877,7165.4,400,BUY
2017-01-01D10:06:45.149877,7166,3600,BUY
2017-01-01D10:06:49.977940,7162.1,13400,BUY
2017-01-01D10:06:52.057640,7162.1,1600,BUY
2017-01-01D10:06:52.057640,7166.1,400,BUY
2017-01-01D10:06:52.057640,7168.3,11400,BUY
2017-01-01D10:07:02.230982,7169,2000,BUY
2017-01-01D10:07:02.230982,7176.7,400,BUY
2017-01-01D10:07:36.392494,7163.9,400,SELL
2017-01-01D10:07:52.888676,7158.7,13000,BUY
2017-01-01D10:08:08.779523,7158.4,2000,SELL
2017-01-01D10:08:17.518479,7154,11,BUY
2017-01-01D10:09:50.758163,7160,240,BUY
2017-01-01D10:09:51.604015,7160,15000,BUY
2017-01-01D10:09:55.257200,7160,9760,BUY
2017-01-01D10:10:26.592995,7150.1,400,SELL
2017-01-01D10:10:30.206073,7150,2000,SELL
2017-01-01D10:10:30.206073,7149.1,400,SELL
2017-01-01D10:10:30.206073,7146,10400,SELL
2017-01-01D10:13:23.772965,7170.7,400,BUY
2017-01-01D10:13:23.772965,7170.8,600,BUY
2017-01-01D10:15:53.471233,7175,15000,BUY
2017-01-01D10:16:03.926451,7175,10000,BUY
2017-01-01D10:16:03.926451,7180,1000,BUY
2017-01-01D10:16:03.926451,7180.2,2000,BUY
2017-01-01D10:22:16.848500,7179,3000,SELL
2017-01-01D10:22:28.017950,7171.5,3000,SELL
2017-01-01D10:22:28.017950,7171,1000,SELL
2017-01-01D10:25:22.807577,7170.1,1000,SELL
2017-01-01D10:25:22.807577,7170,400,SELL
2017-01-01D10:26:30.661684,7163.8,400,SELL
2017-01-01D10:26:30.661684,7163.7,1000,SELL
2017-01-01D10:32:40.169648,7161.9,400,SELL
2017-01-01D10:32:40.169648,7161.8,1000,SELL
2017-01-01D10:32:43.767308,7161.6,2000,SELL
2017-01-01D10:33:16.719739,7150,400,SELL
2017-01-01D10:35:43.179827,7154.6,1000,BUY
2017-01-01D10:41:49.502314,7182.2,2000,BUY
2017-01-01D10:42:51.663714,7189.9,1000,BUY
2017-01-01D10:42:51.663714,7190,240,BUY
2017-01-01D10:42:51.663714,7190,13760,BUY
2017-01-01D10:45:09.521088,7180,200,BUY
2017-01-01D10:46:15.236704,7189.9,1000,BUY
2017-01-01D10:46:15.236704,7190,11240,BUY
2017-01-01D10:46:15.236704,7190.1,990,BUY
2017-01-01D10:48:19.395145,7198.5,1000,BUY
2017-01-01D10:48:19.395145,7198.7,15000,BUY
2017-01-01D10:48:19.395145,7204.8,15000,BUY
2017-01-01D10:48:19.395145,7204.8,400,BUY
2017-01-01D10:48:19.585122,7207,13600,SELL
2017-01-01D10:48:39.272541,7201.7,1400,BUY
2017-01-01D10:48:39.272541,7205.1,15000,BUY
2017-01-01D10:48:39.272541,7207.9,15000,BUY
2017-01-01D10:48:39.272541,7208.5,2000,BUY
2017-01-01D10:49:20.087124,7210,11600,SELL
2017-01-01D10:52:26.418756,7221.4,1000,BUY
2017-01-01D10:52:26.418756,7221.5,400,BUY
2017-01-01D10:52:37.298356,7232,400,BUY
2017-01-01D10:52:37.298356,7232.1,2000,BUY
2017-01-01D10:52:37.298356,7234.2,15000,BUY
2017-01-01D10:52:39.872323,7237.6,15000,BUY
2017-01-01D10:52:41.623563,7238.1,15000,BUY
2017-01-01D10:52:41.623563,7243.8,400,BUY
2017-01-01D10:52:41.623563,7243.9,15000,BUY
2017-01-01D10:52:41.623563,7244.7,8400,BUY
2017-01-01D10:52:41.623563,7250.2,15000,BUY
2017-01-01D10:52:45.084711,7251.3,15000,SELL
2017-01-01D10:52:45.084711,7251.3,15000,SELL
2017-01-01D10:53:01.613458,7255,400,BUY
2017-01-01D10:53:01.613458,7255.1,1000,BUY
2017-01-01D10:53:01.613458,7256.3,2000,BUY
2017-01-01D10:53:01.613458,7257.3,14790,BUY
2017-01-01D11:00:41.629241,7233.4,15000,BUY
2017-01-01D11:00:41.629241,7238.6,1000,BUY
2017-01-01D11:00:41.629241,7239.8,15000,BUY
2017-01-01D11:00:41.629241,7243.6,1000,BUY
2017-01-01D11:00:41.629241,7244.8,2000,BUY
2017-01-01D11:00:41.755559,7245.3,15000,SELL
2017-01-01D11:00:41.755559,7245.3,15000,SELL
2017-01-01D11:00:46.691608,7245.3,11000,SELL
2017-01-01D11:01:01.883273,7232.5,2000,SELL
2017-01-01D11:02:05.554953,7222.2,1000,SELL
2017-01-01D11:02:05.554953,7222.1,14000,SELL
2017-01-01D11:02:27.086228,7219.3,88,SELL
2017-01-01D11:03:01.002920,7217.3,1000,SELL
2017-01-01D11:04:02.325707,7219,15000,BUY
2017-01-01D11:04:29.313888,7216.8,15000,SELL
2017-01-01D11:06:44.491260,7220.1,5000,BUY
2017-01-01D11:06:53.613571,7222.6,11,BUY
2017-01-01D11:07:22.705079,7222.6,11,BUY
2017-01-01D11:07:26.882478,7222.6,1978,BUY
2017-01-01D11:08:01.346812,7230,11,BUY
2017-01-01D11:08:36.041900,7229.9,11,SELL
2017-01-01D11:09:33.556710,7222.5,11,SELL
2017-01-01D11:11:18.635070,7215.9,400,SELL
2017-01-01D11:11:18.635070,7215.8,600,SELL
2017-01-01D11:13:49.927155,7212.5,1000,BUY
2017-01-01D11:13:49.927155,7212.6,1980,BUY
2017-01-01D11:16:39.997847,7207.6,1000,SELL
2017-01-01D11:16:39.997847,7207.5,4000,SELL
2017-01-01D11:17:05.077389,7204.5,1000,SELL
2017-01-01D11:17:05.077389,7204.4,1000,SELL
2017-01-01D11:17:07.429903,7204.4,1000,SELL
2017-01-01D11:17:09.023486,7204.4,1000,BUY
2017-01-01D11:37:07.374659,7227,11,SELL
2017-01-01D11:37:21.703712,7221.2,1000,SELL
2017-01-01D11:37:21.703712,7221,33567,SELL
2017-01-01D11:38:19.963559,7227,11,BUY
2017-01-01D11:39:10.829329,7227.9,1000,SELL
2017-01-01D11:39:15.075423,7227.7,1000,BUY
2017-01-01D11:39:15.075423,7229,1000,BUY
2017-01-01D11:39:15.075423,7229.2,300,BUY
2017-01-01D11:39:39.047768,7229.4,1000,BUY
2017-01-01D11:40:36.925352,7229.8,1000,BUY
2017-01-01D11:40:57.014408,7233,1000,BUY
2017-01-01D11:41:49.371077,7231,1000,BUY
2017-01-01D11:42:30.331403,7228,3000,BUY
2017-01-01D11:47:11.121420,7250.3,2000,BUY
2017-01-01D11:47:11.121420,7251,1000,BUY
2017-01-01D11:47:11.121420,7251.1,400,BUY
2017-01-01D11:49:23.408263,7254.3,11,BUY
2017-01-01D11:55:56.492879,7233,2000,SELL
2017-01-01D12:01:31.347894,7227,11,SELL
2017-01-01D12:02:18.302734,7225,800,BUY
2017-01-01D12:21:17.131964,7221,1000,SELL
2017-01-01D12:22:30.473269,7212.2,400,SELL
2017-01-01D12:22:30.473269,7212.1,1000,SELL
2017-01-01D12:22:30.473269,7210.6,320,SELL
2017-01-01D12:29:56.734553,7226.3,100,BUY
2017-01-01D12:38:30.376729,7208.3,2000,SELL
2017-01-01D12:38:30.376729,7197.2,1000,SELL
2017-01-01D12:38:30.376729,7196.9,400,SELL
2017-01-01D12:38:30.376729,7196,15000,SELL
2017-01-01D12:38:30.376729,7189.6,6600,SELL
2017-01-01D12:45:36.344606,7196.1,100,SELL
2017-01-01D12:50:11.658136,7201.4,2000,BUY
2017-01-01D12:52:25.703583,7191.4,2000,SELL
2017-01-01D12:52:46.826628,7185.7,2000,SELL
2017-01-01D12:52:46.826628,7185.7,1000,SELL
2017-01-01D12:58:39.971146,7188.6,400,SELL
2017-01-01D12:58:39.971146,7188.5,1000,SELL
2017-01-01D12:58:39.971146,7187.8,8600,SELL
2017-01-01D13:22:24.392672,7198.1,1000,BUY
2017-01-01D13:37:49.572684,7201.2,3169,BUY
2017-01-01D13:39:34.923418,7208,2000,BUY
2017-01-01D13:45:41.386328,7207,1,SELL
2017-01-01D13:50:27.028553,7227,11,SELL
2017-01-01D14:54:48.090435,7233.1,2000,BUY
2017-01-01D14:59:35.239100,7236.9,1,BUY
2017-01-01D15:01:43.030268,7239.9,1000,BUY
2017-01-01D15:06:41.983620,7233.9,4078,SELL
2017-01-01D15:10:17.385733,7230,500,SELL
2017-01-01D15:14:01.363000,7219.3,2000,SELL
2017-01-01D15:36:42.598368,7239.8,400,BUY
2017-01-01D15:36:42.598368,7239.9,1000,BUY
2017-01-01D15:36:42.598368,7240,13600,BUY
2017-01-01D15:37:01.363266,7240,1400,BUY
2017-01-01D16:00:12.806751,7252.9,2000,BUY
2017-01-01D16:00:41.654365,7277,400,BUY
2017-01-01D16:00:41.654365,7277.1,1000,BUY
2017-01-01D16:00:41.654365,7277.2,10000,BUY
2017-01-01D16:00:41.654365,7277.2,2000,BUY
2017-01-01D16:00:41.654365,7289,15000,BUY
2017-01-01D16:00:41.654365,7292.7,400,BUY
2017-01-01D16:00:41.654365,7295.1,15000,BUY
2017-01-01D16:00:41.654365,7298,100,BUY
2017-01-01D16:00:43.017995,7299.5,10000,SELL
2017-01-01D16:00:44.607022,7299.5,15000,SELL
2017-01-01D16:00:48.598032,7299.5,15000,SELL
2017-01-01D16:01:01.676492,7299.8,400,BUY
2017-01-01D16:01:01.676492,7300,10000,BUY
2017-01-01D16:01:01.676492,7302.8,4638,BUY
2017-01-01D16:01:19.337146,7297.6,400,BUY
2017-01-01D16:01:19.337146,7297.7,600,BUY
2017-01-01D16:06:55.145583,7280.6,2000,SELL
2017-01-01D16:07:21.353651,7274.3,400,SELL
2017-01-01D16:07:21.353651,7274.2,1000,SELL
2017-01-01D16:07:21.353651,7274,15000,SELL
2017-01-01D16:12:20.139610,7253,1000,SELL
2017-01-01D16:12:20.139610,7252.7,2000,SELL
2017-01-01D16:19:01.693919,7270,1,BUY
2017-01-01D16:19:35.909803,7271.5,2000,BUY
2017-01-01D16:27:39.905494,7294,1,BUY
2017-01-01D16:28:06.982477,7300,1100,BUY
2017-01-01D16:28:18.303729,7300.4,1000,SELL
2017-01-01D16:28:18.303729,7300.3,15000,SELL
2017-01-01D16:30:12.610058,7308.1,2000,BUY
2017-01-01D16:30:17.869226,7325.7,400,BUY
2017-01-01D16:30:17.869226,7327,2000,BUY
2017-01-01D16:30:17.869226,7332.2,2500,BUY
2017-01-01D16:30:19.332884,7342.2,400,SELL
2017-01-01D16:31:47.658666,7323.2,2000,SELL
2017-01-01D16:32:01.689858,7323.6,1000,BUY
2017-01-01D16:33:16.358418,7323.9,400,BUY
2017-01-01D16:33:16.358418,7324,600,BUY
2017-01-01D16:35:58.802050,7324.2,1,BUY
2017-01-01D16:36:58.228628,7335.8,2000,BUY
2017-01-01D16:37:03.322442,7345.1,1000,BUY
2017-01-01D16:37:03.322442,7345.2,400,BUY
2017-01-01D16:37:11.637249,7358.9,400,BUY
2017-01-01D16:37:11.637249,7364.2,2000,BUY
2017-01-01D16:37:11.637249,7366.7,400,BUY
2017-01-01D16:37:31.847095,7398,100,BUY
2017-01-01D16:37:31.847095,7399.9,1000,BUY
2017-01-01D16:37:31.847095,7400,1400,BUY
2017-01-01D16:37:31.847095,7408.8,400,BUY
2017-01-01D16:37:31.847095,7410.4,15000,BUY
2017-01-01D16:37:31.847095,7418.7,7510,BUY
2017-01-01D16:38:13.002733,7411.2,15000,BUY
2017-01-01D16:38:26.488794,7428.4,3,BUY
2017-01-01D16:38:36.684786,7444.2,400,BUY
2017-01-01D16:38:36.684786,7449.5,15000,BUY
2017-01-01D16:39:12.121486,7457.5,400,BUY
2017-01-01D16:39:12.121486,7457.6,2000,BUY
2017-01-01D16:39:12.121486,7476.1,400,BUY
2017-01-01D16:39:20.519776,7482.1,400,BUY
2017-01-01D16:39:32.043688,7489.3,400,BUY
2017-01-01D16:39:32.043688,7498,100,BUY
2017-01-01D16:39:32.043688,7501.7,2000,BUY
2017-01-01D16:39:32.043688,7503.6,400,BUY
2017-01-01D16:39:46.922851,7541.7,400,BUY
2017-01-01D16:39:46.922851,7541.8,2000,BUY
2017-01-01D16:39:46.922851,7560.5,400,BUY
2017-01-01D16:39:46.922851,7566,13300,BUY
2017-01-01D16:39:46.922851,7566.6,2500,BUY
2017-01-01D16:40:31.951607,7593.5,400,BUY
2017-01-01D16:40:31.951607,7593.6,2000,BUY
2017-01-01D16:40:31.951607,7598,100,BUY
2017-01-01D16:40:31.951607,7599.9,10000,BUY
2017-01-01D16:40:31.951607,7600,1000,BUY
2017-01-01D16:40:31.951607,7613.2,400,BUY
2017-01-01D16:40:31.951607,7618.7,2500,BUY
2017-01-01D16:40:31.951607,7632.9,400,BUY
2017-01-01D16:40:33.456213,7636,400,SELL
2017-01-01D16:40:36.927115,7636,400,SELL
2017-01-01D16:40:39.323512,7636,149690,SELL
2017-01-01D16:40:43.881859,7616.2,400,SELL
2017-01-01D16:40:49.595879,7616.3,400,BUY
2017-01-01D16:40:49.595879,7636,400,BUY
2017-01-01D16:40:49.595879,7636,200,BUY
2017-01-01D16:41:05.095021,7596.4,400,SELL
2017-01-01D16:41:09.455461,7596.6,400,SELL
2017-01-01D16:43:01.846873,7583,400,SELL
2017-01-01D16:43:01.846873,7582.9,5600,SELL
2017-01-01D16:43:55.567552,7623.1,400,BUY
2017-01-01D16:43:59.062122,7623.1,400,BUY
2017-01-01D16:44:37.074955,7587.3,400,SELL
2017-01-01D16:44:37.074955,7576.6,2000,SELL
2017-01-01D16:44:37.074955,7567.1,400,SELL
2017-01-01D16:44:38.415419,7562.7,400,BUY
2017-01-01D16:44:40.918847,7562.7,400,BUY
2017-01-01D16:45:38.498944,7558.5,400,SELL
2017-01-01D16:45:49.530522,7539.4,400,SELL
2017-01-01D16:45:49.530522,7539.3,1000,SELL
2017-01-01D16:45:57.073432,7532.1,2000,SELL
2017-01-01D16:50:07.691002,7523.6,1000,SELL
2017-01-01D16:50:52.566420,7520,15000,BUY
2017-01-01D16:53:53.750090,7508.5,1000,SELL
2017-01-01D16:53:53.750090,7508.3,400,SELL
2017-01-01D16:53:53.750090,7503,2000,SELL
2017-01-01D16:53:53.750090,7501.7,1000,SELL
2017-01-01D16:55:08.857401,7484.2,1000,SELL
2017-01-01D16:56:13.849106,7494.3,400,SELL
2017-01-01D16:59:29.324053,7497.3,400,SELL
2017-01-01D16:59:29.324053,7494.9,1000,SELL
2017-01-01D17:00:22.207104,7499.9,1000,BUY
2017-01-01D17:00:22.207104,7500,600,BUY
2017-01-01D17:00:22.207104,7500,3400,BUY
2017-01-01D17:02:01.592497,7494.1,400,SELL
2017-01-01D17:02:01.592497,7494.1,1000,SELL
2017-01-01D17:03:01.573590,7494.2,1000,SELL
2017-01-01D17:03:01.573590,7494,400,SELL
2017-01-01D17:03:17.838418,7495,15000,BUY
2017-01-01D17:04:04.176175,7494.3,400,SELL
2017-01-01D17:05:12.285476,7478.3,1000,SELL
2017-01-01D17:05:12.285476,7478.1,400,SELL
2017-01-01D17:05:12.285476,7478,13700,SELL
2017-01-01D17:08:26.071956,7494.9,1000,BUY
2017-01-01D17:08:26.071956,7495,400,BUY
2017-01-01D17:10:24.407073,7510.1,2000,BUY
2017-01-01D17:14:09.030998,7527.6,400,BUY
2017-01-01D17:14:09.030998,7527.7,600,BUY
2017-01-01D17:15:54.477155,7502.7,1000,SELL
2017-01-01D17:15:54.477155,7502.6,15000,SELL
2017-01-01D17:19:29.949544,7492.1,2000,SELL
2017-01-01D17:31:26.629967,7480.5,400,SELL
2017-01-01D17:31:26.629967,7480.4,15000,SELL
2017-01-01D17:37:29.884607,7463.9,1000,SELL
2017-01-01D17:37:29.884607,7463.8,2000,SELL
2017-01-01D17:37:29.884607,7463.7,400,SELL
2017-01-01D17:59:36.580454,7480.3,15000,SELL
2017-01-01D18:03:42.939147,7480,15000,BUY
2017-01-01D18:03:51.484224,7480,15000,BUY
2017-01-01D18:03:57.431416,7480,1000,BUY
2017-01-01D18:03:59.323627,7480,15000,BUY
2017-01-01D18:04:02.911831,7480,13000,BUY
2017-01-01D18:04:21.375194,7489.2,2000,BUY
2017-01-01D18:07:39.266596,7500.1,1000,SELL
2017-01-01D18:07:39.266596,7500,15000,SELL
2017-01-01D18:11:39.486682,7497.5,1000,BUY
2017-01-01D18:12:43.038629,7491,15000,SELL
2017-01-01D18:28:06.378550,7500,2000,BUY
2017-01-01D18:28:36.687692,7505.7,2000,BUY
2017-01-01D18:35:36.883200,7527.3,1000,SELL
2017-01-01D18:38:20.435064,7520.9,1000,BUY
2017-01-01D18:38:31.470275,7515.2,2000,SELL
2017-01-01D18:51:01.406616,7501.6,400,SELL
2017-01-01D18:51:01.406616,7501.5,1000,SELL
2017-01-01D18:54:23.016977,7496.5,2000,SELL
2017-01-01D18:55:47.510661,7490,400,BUY
2017-01-01D19:15:44.396717,7487.3,2000,SELL
2017-01-01D19:37:36.656557,7509.4,2000,BUY
2017-01-01D20:00:58.840871,7500,5200,BUY
2017-01-01D20:01:35.611148,7503.4,15000,SELL
2017-01-01D20:01:35.611148,7500.8,400,SELL
2017-01-01D20:01:37.404894,7499.3,15000,BUY
2017-01-01D20:05:59.182915,7499.3,15000,BUY
2017-01-01D20:06:02.414933,7499.3,4600,BUY
2017-01-01D20:16:01.834400,7534.4,400,BUY
2017-01-01D20:16:01.834400,7534.5,1600,BUY
2017-01-01D20:17:21.724013,7537.2,2000,BUY
2017-01-01D20:23:04.105763,7523.2,110,SELL
2017-01-01D20:26:25.366568,7529.8,1000,BUY
2017-01-01D20:26:25.366568,7529.9,14000,BUY
2017-01-01D20:26:30.798575,7529.9,15000,BUY
2017-01-01D20:26:34.582097,7529.9,15000,BUY
2017-01-01D20:26:38.129712,7529.9,6000,BUY
2017-01-01D20:27:42.451709,7550.7,111,BUY
2017-01-01D20:29:05.540333,7559.5,1000,BUY
2017-01-01D20:29:05.540333,7559.7,2000,BUY
2017-01-01D20:30:08.576133,7578.6,111,BUY
2017-01-01D20:31:56.960163,7584.4,1000,BUY
2017-01-01D20:31:56.960163,7584.5,4000,BUY
2017-01-01D20:37:25.469292,7567.1,2000,SELL
2017-01-01D20:38:13.514024,7569.4,1000,BUY
2017-01-01D20:38:13.514024,7570.1,400,BUY
2017-01-01D20:40:07.577571,7557.4,2000,SELL
2017-01-01D20:40:07.577571,7542.1,400,SELL
2017-01-01D20:40:11.824249,7532.5,2500,SELL
2017-01-01D20:40:16.605558,7518.5,1000,SELL
2017-01-01D20:40:16.605558,7515.6,400,SELL
2017-01-01D20:40:24.552860,7499.8,400,SELL
2017-01-01D20:40:28.105963,7493.5,400,SELL
2017-01-01D20:40:28.105963,7493.4,2000,SELL
2017-01-01D20:40:28.105963,7488.2,2500,SELL
2017-01-01D20:40:43.469639,7507.1,2000,BUY
2017-01-01D20:41:30.383199,7524.6,1000,BUY
2017-01-01D20:42:37.963000,7515.8,1000,SELL
2017-01-01D20:43:08.702797,7515.9,1000,SELL
2017-01-01D20:43:14.887805,7510,15000,BUY
2017-01-01D20:43:18.560701,7510,15000,BUY
2017-01-01D20:44:20.754702,7510,15000,BUY
2017-01-01D20:44:26.289179,7510,4000,BUY
2017-01-01D20:47:17.609282,7520,15000,BUY
2017-01-01D20:47:43.672148,7520,15000,BUY
2017-01-01D20:49:02.261651,7520,15000,BUY
2017-01-01D20:49:06.014760,7520,4567,BUY
2017-01-01D20:51:35.408685,7517,400,SELL
2017-01-01D20:51:35.408685,7516.9,1000,SELL
2017-01-01D20:51:35.408685,7515.1,13600,SELL
2017-01-01D20:57:49.231518,7539.6,1000,BUY
2017-01-01D20:57:49.231518,7539.8,2000,BUY
2017-01-01D20:57:49.231518,7541.1,12000,BUY
2017-01-01D21:06:13.947167,7510.4,10000,SELL
2017-01-01D21:06:20.977018,7508.9,2000,SELL
2017-01-01D21:06:20.977018,7508.9,10000,SELL
2017-01-01D21:16:45.940479,7512.6,5000,SELL
2017-01-01D21:25:08.376968,7514.9,15000,SELL
2017-01-01D21:27:55.570857,7531.3,15000,BUY
2017-01-01D21:28:03.089687,7535.1,5000,BUY
2017-01-01D21:28:03.089687,7539.6,1000,BUY
2017-01-01D21:28:15.160499,7539.8,2000,BUY
2017-01-01D21:38:43.563367,7546.9,100,BUY
2017-01-01D21:39:26.084875,7550.8,100,BUY
2017-01-01D21:44:18.359645,7550.8,400,BUY
2017-01-01D21:44:59.881136,7550.9,1000,BUY
2017-01-01D21:46:04.949270,7551,2000,BUY
2017-01-01D21:49:18.420082,7552.9,1000,BUY
2017-01-01D21:50:40.274141,7555.3,1000,BUY
2017-01-01D21:57:30.489810,7550,3100,SELL
2017-01-01D21:57:34.597269,7547,15000,SELL
2017-01-01D21:58:06.541522,7521.8,2000,SELL
2017-01-01D22:08:37.632417,7545.9,1000,BUY
2017-01-01D22:34:44.110033,7554.1,400,BUY
2017-01-01D22:34:44.110033,7554.2,2000,BUY
2017-01-01D22:39:19.252904,7557.4,1000,SELL
2017-01-01D22:39:19.252904,7557.3,8000,SELL
2017-01-01D22:42:44.622969,7558.3,1000,BUY
2017-01-01D22:42:44.622969,7558.5,400,BUY
2017-01-01D22:42:44.622969,7561.5,600,BUY
2017-01-01D23:04:09.463978,7555.8,15000,SELL
2017-01-01D23:07:33.117834,7544,15000,SELL
2017-01-01D23:07:57.662312,7532,2000,SELL
2017-01-01D23:07:57.662312,7529.3,1000,SELL
2017-01-01D23:08:30.234721,7508,400,SELL
2017-01-01D23:08:30.234721,7507.9,1000,SELL
2017-01-01D23:12:03.396883,7504.1,400,SELL
2017-01-01D23:12:03.396883,7504,1000,SELL
2017-01-01D23:12:55.781741,7501.9,1000,BUY
2017-01-01D23:14:29.402998,7496.3,2000,SELL
2017-01-01D23:15:15.209614,7482.8,1000,SELL
2017-01-01D23:15:19.617457,7478.1,1000,SELL
2017-01-01D23:15:19.617457,7470.7,400,SELL
2017-01-01D23:15:19.617457,7470.6,2000,SELL
2017-01-01D23:16:02.656258,7482,1000,BUY
2017-01-01D23:17:31.347723,7501.4,111,BUY
2017-01-01D23:19:35.044653,7501.4,1000,BUY
2017-01-01D23:19:35.044653,7501.5,2000,BUY
2017-01-01D23:19:35.044653,7507.8,2000,BUY
2017-01-01D23:26:24.761116,7497.2,400,SELL
2017-01-01D23:26:24.761116,7497.1,1000,SELL
2017-01-01D23:26:24.761116,7495,600,SELL
2017-01-01D23:28:05.812321,7510.7,2000,SELL
2017-01-01D23:56:31.842162,7516.3,1000,BUY
2017-01-01D23:56:31.842162,7516.4,400,BUY
2017-01-02D00:01:22.283204,7530.1,1000,BUY
2017-01-02D00:01:22.283204,7530.2,2000,BUY
2017-01-02D00:11:51.308999,7525.2,5000,BUY
2017-01-02D00:16:18.596987,7503.9,2000,SELL
2017-01-02D00:16:25.038252,7493,1000,SELL
2017-01-02D00:16:25.038252,7492.9,400,SELL
2017-01-02D00:16:25.038252,7489.2,15000,SELL
2017-01-02D00:23:46.476763,7510,1000,BUY
2017-01-02D00:34:11.662486,7508.4,1000,BUY
2017-01-02D00:54:09.061315,7488.7,1000,BUY
2017-01-02D00:54:09.061315,7488.8,4000,BUY
2017-01-02D00:56:55.060541,7500.3,300,BUY
2017-01-02D01:25:05.223996,7473.6,2000,SELL
2017-01-02D01:25:28.681942,7460,1000,SELL
2017-01-02D01:25:28.681942,7455.5,1000,SELL
2017-01-02D01:25:28.681942,7455.4,15000,SELL
2017-01-02D01:25:28.681942,7450.3,400,SELL
2017-01-02D01:25:28.681942,7450,600,SELL
2017-01-02D01:25:59.045595,7462.1,1000,SELL
2017-01-02D01:25:59.045595,7462,2100,SELL
2017-01-02D01:26:34.662067,7467.9,400,BUY
2017-01-02D01:26:34.662067,7468,600,BUY
2017-01-02D01:27:04.462804,7477.1,400,BUY
2017-01-02D01:27:04.462804,7477.2,1000,BUY
2017-01-02D01:27:04.462804,7480.6,2600,BUY
2017-01-02D01:35:07.189324,7497.6,400,BUY
2017-01-02D01:35:07.189324,7497.7,1000,BUY
2017-01-02D01:35:07.189324,7500.6,2000,BUY
2017-01-02D01:35:09.770051,7500.6,1600,SELL
2017-01-02D01:47:26.946112,7521.3,2000,BUY
2017-01-02D01:48:06.726814,7521.5,280,BUY
2017-01-02D02:15:06.805773,7517,15000,BUY
2017-01-02D02:15:09.853521,7521,15000,SELL
2017-01-02D02:20:54.569355,7538,400,BUY
2017-01-02D02:20:54.569355,7538.1,100,BUY
2017-01-02D02:22:36.951152,7539,500,BUY
2017-01-02D02:32:48.172928,7532.2,500,BUY
2017-01-02D02:33:05.887986,7532,500,BUY
2017-01-02D02:38:19.340242,7541.1,150,BUY
2017-01-02D02:40:39.551457,7558,15000,BUY
2017-01-02D02:40:51.762242,7558,5000,BUY
2017-01-02D02:40:51.762242,7560.7,2000,BUY
2017-01-02D02:40:51.762242,7562,3156,BUY
2017-01-02D02:41:25.780015,7584.2,2000,BUY
2017-01-02D02:41:25.780015,7587,400,BUY
2017-01-02D02:42:37.718829,7576.1,150,SELL
2017-01-02D02:44:03.239305,7569.3,10000,BUY
2017-01-02D02:46:39.742012,7584.2,10000,BUY
2017-01-02D02:47:22.336819,7594.9,2000,BUY
2017-01-02D02:47:25.139942,7611.4,400,BUY
2017-01-02D02:47:25.139942,7611.5,4600,BUY
2017-01-02D02:47:30.232351,7613,15000,BUY
2017-01-02D02:49:25.138258,7623.9,15000,BUY
2017-01-02D02:49:30.228755,7629.4,400,BUY
2017-01-02D02:49:30.228755,7630.5,2000,BUY
2017-01-02D02:49:30.228755,7635.1,12600,BUY
2017-01-02D02:50:40.226478,7630.4,400,BUY
2017-01-02D02:50:40.226478,7630.4,400,BUY
2017-01-02D02:50:40.226478,7630.5,3200,BUY
2017-01-02D02:51:13.349027,7619.1,400,SELL
2017-01-02D02:51:13.349027,7619,1000,SELL
2017-01-02D02:56:24.390900,7624.9,1000,BUY
2017-01-02D02:56:31.827802,7625,15000,BUY
2017-01-02D02:56:34.088847,7625,1000,BUY
2017-01-02D02:57:09.067660,7641.5,15000,BUY
2017-01-02D02:57:13.886976,7647,15000,SELL
2017-01-02D02:57:17.729993,7647,15000,SELL
2017-01-02D02:57:22.029246,7647,400,SELL
2017-01-02D02:57:26.325346,7647,4600,SELL
2017-01-02D02:58:20.911898,7627.4,400,SELL
2017-01-02D02:58:20.911898,7627.3,1000,SELL
2017-01-02D02:58:20.911898,7627.2,2000,SELL
2017-01-02D02:58:24.177680,7627,400,BUY
2017-01-02D02:58:35.937890,7627.2,15000,BUY
2017-01-02D02:58:35.937890,7629.2,1000,BUY
2017-01-02D02:58:36.546938,7632,15000,SELL
2017-01-02D02:59:53.066999,7639.1,15000,BUY
2017-01-02D02:59:54.419372,7642,15000,SELL
2017-01-02D03:00:09.446632,7642,15000,SELL
2017-01-02D03:00:13.444429,7642.1,1000,SELL
2017-01-02D03:00:13.444429,7642,5000,SELL
2017-01-02D03:00:28.744039,7632,15000,SELL
2017-01-02D03:00:32.541686,7632,4000,SELL
2017-01-02D03:00:48.685758,7622.3,2000,SELL
2017-01-02D03:04:47.490218,7635,15000,SELL
2017-01-02D03:05:06.889010,7635,15000,SELL
2017-01-02D03:05:29.455338,7635,15000,SELL
2017-01-02D03:05:41.799009,7635,5000,SELL
2017-01-02D03:09:21.035117,7649,1585,BUY
2017-01-02D03:09:21.035117,7649.2,400,BUY
2017-01-02D03:09:21.035117,7649.3,1000,BUY
2017-01-02D03:09:21.035117,7649.7,400,BUY
2017-01-02D03:09:59.899152,7650.1,2000,BUY
2017-01-02D03:10:46.272599,7650.1,333,SELL
2017-01-02D03:11:14.862340,7653.7,333,BUY
2017-01-02D03:12:31.606817,7650.1,1000,SELL
2017-01-02D03:13:50.180500,7650,6615,SELL
2017-01-02D03:18:05.914596,7656.1,1000,SELL
2017-01-02D03:18:05.914596,7656,2000,SELL
2017-01-02D03:18:59.228118,7656,1000,BUY
2017-01-02D03:19:08.932324,7655.9,333,BUY
2017-01-02D03:20:48.198956,7661.5,1000,BUY
2017-01-02D03:20:48.198956,7661.6,15000,BUY
2017-01-02D03:20:48.198956,7667.6,400,BUY
2017-01-02D03:20:48.198956,7668.5,15000,BUY
2017-01-02D03:20:50.949105,7672,15000,SELL
2017-01-02D03:20:54.629640,7672,3600,SELL
2017-01-02D03:21:03.342747,7665,5985,SELL
2017-01-02D03:21:20.043881,7665,15000,SELL
2017-01-02D03:21:33.315757,7666.5,111,BUY
2017-01-02D03:21:39.491323,7665,15000,SELL
2017-01-02D03:23:43.288608,7665,14015,SELL
2017-01-02D03:26:28.112299,7666.8,1000,BUY
2017-01-02D03:26:28.112299,7666.9,400,BUY
2017-01-02D03:26:34.937718,7676.8,10000,BUY
2017-01-02D03:26:34.937718,7677.6,2000,BUY
2017-01-02D03:26:34.937718,7678.4,400,BUY
2017-01-02D03:28:16.904912,7675.8,400,SELL
2017-01-02D03:28:16.904912,7675.7,1000,SELL
2017-01-02D03:28:42.843938,7652.5,400,SELL
2017-01-02D03:28:42.843938,7652.4,1000,SELL
2017-01-02D03:28:42.843938,7652.2,2000,SELL
2017-01-02D03:29:51.603018,7665.6,1000,BUY
2017-01-02D03:31:23.879516,7660,15000,SELL
2017-01-02D03:31:26.009420,7664,800,BUY
2017-01-02D03:31:27.714675,7660.2,1000,SELL
2017-01-02D03:31:27.714675,7660,14000,SELL
2017-01-02D03:32:13.674431,7662,15000,SELL
2017-01-02D03:32:17.527103,7662.1,1000,SELL
2017-01-02D03:32:17.527103,7662,14000,SELL
2017-01-02D03:32:19.361619,7662,21000,SELL
2017-01-02D03:32:33.767683,7660,21000,SELL
2017-01-02D03:33:24.748339,7622.2,15000,SELL
2017-01-02D03:33:24.748339,7619,400,SELL
2017-01-02D03:33:24.748339,7618.9,2000,SELL
2017-01-02D03:33:28.162456,7626.1,1000,BUY
2017-01-02D03:33:28.162456,7626.3,14000,BUY
2017-01-02D03:33:39.965679,7626.3,1400,BUY
2017-01-02D03:34:27.110775,7644.9,1000,BUY
2017-01-02D03:34:27.110775,7645,11000,BUY
2017-01-02D03:38:07.801592,7641.8,15000,BUY
2017-01-02D03:42:37.211017,7622.3,400,SELL
2017-01-02D03:47:10.963343,7620,15000,SELL
2017-01-02D03:49:18.064016,7628.1,6399,BUY
2017-01-02D04:00:56.013347,7592.8,450,SELL
2017-01-02D04:01:11.837949,7581.4,450,SELL
2017-01-02D04:01:11.837949,7576.9,327,SELL
2017-01-02D04:01:15.234262,7583.8,450,SELL
2017-01-02D04:01:15.234262,7576.9,8550,SELL
2017-01-02D04:06:05.341597,7563.4,450,SELL
2017-01-02D04:06:05.341597,7561.8,2000,SELL
2017-01-02D04:06:09.761280,7556.9,1000,BUY
2017-01-02D04:09:24.352049,7576.4,2000,BUY
2017-01-02D04:12:59.559483,7595.8,10000,BUY
2017-01-02D04:17:49.877672,7600,15000,SELL
2017-01-02D04:18:15.854155,7600,15000,SELL
2017-01-02D04:18:33.809355,7600,15000,SELL
2017-01-02D04:18:48.037355,7600,5000,SELL
2017-01-02D04:19:28.777013,7585,300,SELL
2017-01-02D04:25:56.481851,7606.7,1000,BUY
2017-01-02D04:26:07.083316,7609.5,2000,BUY
2017-01-02D04:38:18.304807,7616.7,1000,BUY
2017-01-02D04:59:34.426081,7622.6,450,BUY
2017-01-02D04:59:34.426081,7622.7,15000,BUY
2017-01-02D04:59:34.426081,7625.1,4830,BUY
2017-01-02D04:59:34.426081,7626.7,1000,BUY
2017-01-02D04:59:34.426081,7629.6,305,BUY
2017-01-02D05:28:33.136214,7640,450,BUY
2017-01-02D05:28:33.136214,7640.1,1300,BUY
2017-01-02D05:28:36.670689,7641,2020,BUY
2017-01-02D05:29:36.382591,7644,2000,BUY
2017-01-02D06:26:24.607243,7624.2,7193,SELL
2017-01-02D06:37:52.804630,7623.2,2000,SELL
2017-01-02D06:50:20.908292,7622.4,15000,SELL
2017-01-02D07:15:22.584377,7636.7,15000,SELL
2017-01-02D07:53:52.753702,7645,2000,BUY
2017-01-02D07:53:56.466870,7650.1,1220,BUY
2017-01-02D07:53:56.466870,7653,450,BUY
2017-01-02D07:54:32.331631,7660.1,1220,BUY
2017-01-02D07:54:32.331631,7664.3,450,BUY
2017-01-02D07:54:32.331631,7669.1,14330,BUY
2017-01-02D07:56:06.424327,7669.9,2000,BUY
2017-01-02D07:56:06.424327,7669.9,5000,BUY
2017-01-02D07:56:06.424327,7672.6,1500,BUY
2017-01-02D07:56:30.162915,7699.7,450,BUY
2017-01-02D07:56:30.162915,7700.9,10550,BUY
2017-01-02D07:56:45.475598,7702.1,2000,BUY
2017-01-02D07:56:46.567933,7704.8,13000,SELL
2017-01-02D07:57:25.837761,7701.3,4000,BUY
2017-01-02D08:02:09.555274,7666.2,1000,SELL
2017-01-02D08:02:26.429995,7653,450,SELL
2017-01-02D08:02:26.429995,7652.9,2000,SELL
2017-01-02D08:02:50.447968,7652.2,8000,BUY
2017-01-02D08:03:14.281277,7656.4,1000,BUY
2017-01-02D08:03:14.281277,7656.5,1000,BUY
2017-01-02D08:16:54.973019,7650.7,450,SELL
2017-01-02D08:16:54.973019,7650.6,15000,SELL
2017-01-02D08:16:54.973019,7643.8,15000,SELL
2017-01-02D08:19:15.910472,7643.1,2000,SELL
2017-01-02D08:19:53.331962,7617,450,SELL
2017-01-02D08:19:57.782767,7608.9,2000,SELL
2017-01-02D08:20:11.625992,7603.6,10000,SELL
2017-01-02D08:25:03.468812,7606.1,450,SELL
2017-01-02D08:25:03.468812,7605.9,2000,SELL
2017-01-02D08:26:07.212452,7586.6,450,SELL
2017-01-02D08:26:10.172667,7571.8,2000,SELL
2017-01-02D08:26:10.172667,7570,1000,SELL
2017-01-02D08:26:10.172667,7570,450,SELL
2017-01-02D08:26:10.172667,7569.2,6550,SELL
2017-01-02D08:26:15.165601,7577.5,450,SELL
2017-01-02D08:26:15.165601,7564.5,9550,SELL
2017-01-02D08:26:18.356307,7571.5,450,SELL
2017-01-02D08:31:16.440229,7594.3,12,BUY
2017-01-02D08:35:30.463667,7600.8,15000,BUY
2017-01-02D08:35:34.021606,7600.8,9650,BUY
2017-01-02D08:45:40.706662,7595.9,1,BUY
2017-01-02D08:56:57.192995,7603,2000,BUY
2017-01-02D08:57:43.017846,7610.8,15000,BUY
2017-01-02D09:12:57.727004,7610.8,9900,BUY
2017-01-02D10:10:05.557501,7607.2,2000,SELL
2017-01-02D10:22:57.509548,7600,750,SELL
2017-01-02D11:10:30.893198,7620,10000,BUY
2017-01-02D11:13:40.914550,7630,10000,BUY
2017-01-02D11:13:44.723862,7630.5,2000,BUY
2017-01-02D11:17:20.142404,7650,1,BUY
2017-01-02D11:17:20.142404,7650,100,BUY
2017-01-02D11:17:28.330206,7659.8,2000,BUY
2017-01-02D11:17:28.330206,7660,1,BUY
2017-01-02D11:22:58.562574,7661.7,4000,BUY
2017-01-02D11:28:57.696623,7650.8,400,BUY
2017-01-02D11:31:31.540203,7670,1,BUY
2017-01-02D11:31:31.540203,7670,100,BUY
2017-01-02D11:31:31.540203,7671.4,450,BUY
2017-01-02D11:31:31.540203,7671.5,4449,BUY
2017-01-02D11:34:52.083883,7665.8,2000,BUY
2017-01-02D11:35:11.572454,7666.9,2000,BUY
2017-01-02D11:38:06.463391,7689.8,2000,BUY
2017-01-02D11:47:23.547027,7676,400,BUY
2017-01-02D11:54:38.399870,7699.6,1000,BUY
2017-01-02D11:54:40.339607,7699.6,1000,BUY
2017-01-02D11:54:42.463748,7699.6,1000,BUY
2017-01-02D12:04:14.821887,7700,100,BUY
2017-01-02D12:04:25.765672,7707.2,1000,BUY
2017-01-02D12:09:42.421677,7704.9,800,SELL
2017-01-02D12:09:50.613409,7699.7,1000,SELL
2017-01-02D12:09:50.613409,7699.7,1000,SELL
2017-01-02D12:10:08.270186,7694.7,1000,SELL
2017-01-02D12:10:08.270186,7694.7,1000,SELL
2017-01-02D12:10:12.154673,7689.7,1000,SELL
2017-01-02D12:13:48.855014,7680.2,2000,SELL
2017-01-02D12:13:48.855014,7679.7,1000,SELL
2017-01-02D12:13:48.855014,7679.6,450,SELL
2017-01-02D12:13:50.145373,7663.3,5000,SELL
2017-01-02D12:14:13.806983,7660.2,450,SELL
2017-01-02D12:14:13.806983,7658.4,1000,SELL
2017-01-02D12:17:09.756252,7644,450,SELL
2017-01-02D12:17:09.756252,7643.9,1000,SELL
2017-01-02D12:17:09.756252,7643.5,2000,SELL
2017-01-02D12:17:10.215047,7640,100,SELL
2017-01-02D12:17:10.215047,7631.9,4900,SELL
2017-01-02D12:21:08.650803,7675,20000,SELL
2017-01-02D12:21:10.399916,7676,450,BUY
2017-01-02D12:21:10.399916,7676,1000,BUY
2017-01-02D12:21:12.539281,7676,13550,SELL
2017-01-02D12:21:12.539281,7675,6450,SELL
2017-01-02D12:21:38.864359,7676,15000,SELL
2017-01-02D12:24:28.852331,7677.6,2000,BUY
2017-01-02D12:25:56.730997,7677.5,1000,SELL
2017-01-02D12:25:56.730997,7677.4,9000,SELL
2017-01-02D12:28:09.042235,7676.2,1000,SELL
2017-01-02D12:31:13.176580,7676,15000,SELL
2017-01-02D12:33:35.832717,7675,20000,SELL
2017-01-02D12:33:50.061586,7675,3550,SELL
2017-01-02D12:35:50.557717,7655.7,1000,SELL
2017-01-02D12:35:50.557717,7655.5,450,SELL
2017-01-02D12:35:50.557717,7655,18550,SELL
2017-01-02D12:35:56.595579,7654.2,20000,SELL
2017-01-02D12:35:56.595579,7652.5,1000,SELL
2017-01-02D12:35:56.595579,7650,100,SELL
2017-01-02D12:35:56.595579,7649.5,450,SELL
2017-01-02D12:35:56.595579,7647.5,1000,SELL
2017-01-02D12:35:56.595579,7645.5,6450,SELL
2017-01-02D12:36:29.640231,7661.7,1000,SELL
2017-01-02D12:48:06.498798,7688.8,450,BUY
2017-01-02D12:48:06.498798,7688.9,1000,BUY
2017-01-02D12:53:10.316735,7688.9,550,SELL
2017-01-02D13:00:15.976917,7680,20000,SELL
2017-01-02D13:00:19.720331,7680.1,1000,SELL
2017-01-02D13:00:19.720331,7680,19000,SELL
2017-01-02D13:00:27.367272,7680,11001,SELL
2017-01-02D13:11:57.388015,7694.6,450,BUY
2017-01-02D13:19:12.559655,7666.7,2000,SELL
2017-01-02D13:19:46.356042,7662.6,2000,SELL
2017-01-02D13:19:50.432564,7660,15000,SELL
2017-01-02D13:26:04.527572,7650,200,SELL
2017-01-02D13:26:19.610198,7642.7,450,SELL
2017-01-02D13:26:19.610198,7642.6,1000,SELL
2017-01-02D13:26:19.610198,7642.5,1000,SELL
2017-01-02D13:26:19.610198,7642.5,1000,SELL
2017-01-02D13:26:32.091027,7633.4,2000,SELL
2017-01-02D13:28:18.357520,7605,500,SELL
2017-01-02D13:28:18.357520,7604.4,1000,SELL
2017-01-02D13:28:22.425666,7593.7,2000,SELL
2017-01-02D13:31:11.686421,7595.3,1000,BUY
2017-01-02D13:31:11.686421,7595.5,2000,BUY
2017-01-02D13:31:11.686421,7606.9,450,BUY
2017-01-02D13:32:24.783083,7630.7,450,BUY
2017-01-02D13:32:24.783083,7635.6,550,BUY
2017-01-02D13:32:42.615495,7625.7,1000,SELL
2017-01-02D13:32:44.124501,7625.7,1000,SELL
2017-01-02D13:36:17.884029,7625,10000,SELL
2017-01-02D13:36:21.455294,7622,10000,SELL
2017-01-02D13:37:42.010385,7617,10000,SELL
2017-01-02D13:37:42.010385,7615.1,1000,SELL
2017-01-02D13:37:42.010385,7615,9000,SELL
2017-01-02D13:37:54.102779,7615,1000,SELL
2017-01-02D13:40:43.130755,7622,1000,BUY
2017-01-02D13:43:28.984964,7639.8,450,BUY
2017-01-02D13:43:28.984964,7639.9,1000,BUY
2017-01-02D13:43:28.984964,7640.2,2000,BUY
2017-01-02D13:45:06.537389,7630,100,SELL
2017-01-02D13:45:06.537389,7627.7,350,SELL
2017-01-02D14:02:59.632362,7633.3,1000,SELL
2017-01-02D14:02:59.632362,7633.2,2000,SELL
2017-01-02D14:02:59.632362,7633.2,13680,SELL
2017-01-02D14:15:58.439021,7657,10000,BUY
2017-01-02D14:21:24.986229,7659.8,1000,BUY
2017-01-02D14:21:24.986229,7659.9,1500,BUY
2017-01-02D14:22:06.447686,7660,18000,BUY
2017-01-02D14:23:14.772333,7658.4,1000,SELL
2017-01-02D14:23:14.772333,7658.3,2320,SELL
2017-01-02D14:25:16.054035,7673.8,1000,BUY
2017-01-02D14:25:16.054035,7673.9,1500,BUY
2017-01-02D14:33:56.463143,7675,10000,SELL
2017-01-02D14:34:06.056521,7675,10000,BUY
2017-01-02D14:34:07.997854,7676.8,10000,SELL
2017-01-02D14:34:14.838319,7675,10000,BUY
2017-01-02D14:35:31.660055,7678.4,1000,BUY
2017-01-02D14:35:35.399174,7679.8,2000,BUY
2017-01-02D14:36:02.939540,7685.8,1000,BUY
2017-01-02D14:36:02.939540,7685.9,1000,BUY
2017-01-02D14:36:21.652862,7693.4,1000,BUY
2017-01-02D14:37:17.999906,7700,500,BUY
2017-01-02D14:37:17.999906,7700.8,450,BUY
2017-01-02D14:37:17.999906,7700.9,1000,BUY
2017-01-02D14:37:46.988948,7717.5,450,BUY
2017-01-02D14:37:47.206342,7717.6,10450,BUY
2017-01-02D14:38:10.301255,7716.4,450,BUY
2017-01-02D14:39:04.602477,7723.1,697,BUY
2017-01-02D14:39:39.299320,7712,5050,SELL
2017-01-02D14:45:22.786410,7701,1000,SELL
2017-01-02D14:45:22.786410,7701,450,SELL
2017-01-02D14:45:22.786410,7700.9,1950,SELL
2017-01-02D14:47:35.851823,7713.3,1000,BUY
2017-01-02D14:47:35.851823,7713.4,20000,BUY
2017-01-02D15:04:42.815555,7710.9,2000,BUY
2017-01-02D15:05:04.597577,7724.6,1000,BUY
2017-01-02D15:05:24.110350,7733.4,20000,BUY
2017-01-02D15:05:24.110350,7734.6,450,BUY
2017-01-02D15:05:24.110350,7734.7,1000,BUY
2017-01-02D15:07:44.986530,7710.7,2000,SELL
2017-01-02D15:27:20.514611,7720,1000,SELL
2017-01-02D15:27:20.514611,7719.8,597,SELL
2017-01-02D15:39:06.624941,7714.9,1000,BUY
2017-01-02D15:39:06.624941,7715,15000,BUY
2017-01-02D15:40:01.749412,7733.2,4000,BUY
2017-01-02D15:40:01.749412,7733.3,450,BUY
2017-01-02D15:40:18.759298,7732,1000,SELL
2017-01-02D15:40:18.759298,7731.9,450,SELL
2017-01-02D15:40:26.956369,7729.9,450,SELL
2017-01-02D15:41:17.016902,7728.2,9000,BUY
2017-01-02D15:42:00.600392,7731.8,8550,BUY
2017-01-02D15:42:41.997263,7730.3,1000,BUY
2017-01-02D15:42:57.375615,7733.1,9000,BUY
2017-01-02D15:48:25.321160,7735.5,20,BUY
2017-01-02D15:59:43.945109,7731,15000,BUY
2017-01-02D16:00:05.584121,7742.1,1000,BUY
2017-01-02D16:00:05.584121,7744.4,1000,BUY
2017-01-02D16:00:05.584121,7744.5,2000,BUY
2017-01-02D16:00:16.154711,7759.6,1000,BUY
2017-01-02D16:00:23.275304,7771.3,450,BUY
2017-01-02D16:00:23.275304,7771.4,4000,BUY
2017-01-02D16:00:23.275304,7771.6,2000,BUY
2017-01-02D16:00:23.275304,7777.1,16000,BUY
2017-01-02D16:00:35.267384,7786,50,BUY
2017-01-02D16:01:13.947262,7757.8,1000,SELL
2017-01-02D16:01:26.513221,7736.2,4000,SELL
2017-01-02D16:01:31.005862,7732.8,2000,SELL
2017-01-02D16:05:55.216595,7760.9,2000,BUY
2017-01-02D16:06:46.088539,7780.7,1000,BUY
2017-01-02D16:06:46.088539,7780.9,20000,BUY
2017-01-02D16:07:51.842678,7781,2000,BUY
2017-01-02D16:08:57.572745,7780.5,1000,SELL
2017-01-02D16:08:57.572745,7780.4,4000,SELL
2017-01-02D16:14:54.854257,7771.6,1000,SELL
2017-01-02D16:14:54.854257,7771.5,20000,SELL
2017-01-02D16:16:34.501491,7761.5,1000,SELL
2017-01-02D16:16:34.501491,7761.3,450,SELL
2017-01-02D16:16:34.501491,7760.6,2000,SELL
2017-01-02D16:16:34.501491,7755.8,4000,SELL
2017-01-02D16:16:34.501491,7747.3,20000,SELL
2017-01-02D16:16:36.413207,7745,16000,BUY
2017-01-02D16:17:39.830065,7755.6,450,SELL
2017-01-02D16:17:39.830065,7755.5,20000,SELL
2017-01-02D16:22:12.737865,7752.1,1000,SELL
2017-01-02D16:31:14.520625,7749.6,1000,SELL
2017-01-02D16:32:50.031821,7742,1000,SELL
2017-01-02D16:32:50.031821,7741.5,2000,SELL
2017-01-02D16:32:50.031821,7739.5,1000,SELL
2017-01-02D16:32:50.031821,7737,1000,SELL
2017-01-02D16:32:52.479436,7729.5,1000,SELL
2017-01-02D16:32:52.479436,7727.9,450,SELL
2017-01-02D16:32:52.479436,7716.8,5550,SELL
2017-01-02D16:35:29.012207,7709.5,2000,SELL
2017-01-02D16:36:53.706769,7730.2,2000,BUY
2017-01-02D16:39:51.994788,7726.3,2000,SELL
2017-01-02D16:39:51.994788,7711.7,450,SELL
2017-01-02D16:39:51.994788,7708.3,20000,SELL
2017-01-02D16:40:50.024457,7717.7,50,BUY
2017-01-02D16:52:40.374406,7723.8,6100,SELL
2017-01-02D17:01:11.046086,7733.5,100,BUY
2017-01-02D17:14:18.467633,7705.4,30,BUY
2017-01-02D17:16:19.038637,7695.2,2000,SELL
2017-01-02D17:16:23.551674,7690,7700,SELL
2017-01-02D17:16:31.545827,7686.2,100,SELL
2017-01-02D17:19:07.138230,7686.2,9350,SELL
2017-01-02D17:19:14.533479,7687,50,BUY
2017-01-02D17:19:56.563596,7672.2,1000,SELL
2017-01-02D17:20:02.086689,7670.1,2000,SELL
2017-01-02D17:20:22.526460,7680,4950,BUY
2017-01-02D17:21:25.210458,7700.7,2000,BUY
2017-01-02D17:45:26.459017,7718.9,450,BUY
2017-01-02D17:48:50.930468,7728.7,4000,BUY
2017-01-02D17:48:50.930468,7728.8,1000,BUY
2017-01-02D17:48:50.930468,7728.9,450,BUY
2017-01-02D17:48:50.930468,7730.2,450,BUY
2017-01-02D17:58:11.546064,7737.9,4000,BUY
2017-01-02D17:58:42.794313,7738,2000,BUY
2017-01-02D18:05:55.126355,7766.3,1000,SELL
2017-01-02D18:19:24.390336,7752.1,2000,SELL
2017-01-02D18:22:26.679535,7722.7,450,SELL
2017-01-02D18:22:26.679535,7722.6,550,SELL
2017-01-02D18:23:11.395244,7747.8,2000,BUY
2017-01-02D18:31:09.464392,7750,8000,BUY
2017-01-02D18:31:09.464392,7750,200,BUY
2017-01-02D18:31:09.464392,7755.1,1000,BUY
2017-01-02D18:31:09.464392,7755.2,450,BUY
2017-01-02D18:39:35.150540,7759.9,1000,BUY
2017-01-02D18:39:35.150540,7760,5000,BUY
2017-01-02D18:44:19.252125,7745.7,1000,SELL
2017-01-02D18:55:14.659504,7724.6,1000,SELL
2017-01-02D18:55:14.659504,7722.4,2000,SELL
2017-01-02D18:55:14.659504,7720,100,SELL
2017-01-02D18:55:14.659504,7719.9,4000,SELL
2017-01-02D18:55:21.319578,7710,100,SELL
2017-01-02D19:09:53.875544,7704.4,2000,SELL
2017-01-02D19:09:53.875544,7700.7,1000,SELL
2017-01-02D19:47:16.540367,7712.2,500,SELL
2017-01-02D19:47:25.344972,7705.3,1000,SELL
2017-01-02D19:47:25.344972,7705.1,2000,SELL
2017-01-02D19:50:49.243918,7700,100,SELL
2017-01-02D19:52:02.870032,7680.2,1000,SELL
2017-01-02D19:52:02.870032,7680.1,1000,SELL
2017-01-02D20:01:44.778355,7670.6,20000,SELL
2017-01-02D20:01:49.480967,7667.1,450,BUY
2017-01-02D20:04:45.763535,7680,2450,BUY
2017-01-02D20:06:23.098550,7664.7,1000,SELL
2017-01-02D20:06:47.485836,7658.2,2000,SELL
2017-01-02D20:06:47.485836,7657.2,1000,SELL
2017-01-02D20:06:57.444829,7657,1000,BUY
2017-01-02D20:06:58.555818,7657,4000,SELL
2017-01-02D20:07:04.612061,7654.7,20000,SELL
2017-01-02D20:07:22.353748,7652.3,1000,SELL
2017-01-02D20:07:22.353748,7652.2,1000,SELL
2017-01-02D20:07:22.353748,7650.3,2007,SELL
2017-01-02D20:08:02.205706,7650.2,1000,SELL
2017-01-02D20:08:02.205706,7650,5000,SELL
2017-01-02D20:08:02.205706,7650,200,SELL
2017-01-02D20:08:20.873514,7650,13800,BUY
2017-01-02D20:08:20.873514,7654.4,1000,BUY
2017-01-02D20:08:20.873514,7657.2,13000,BUY
2017-01-02D20:08:20.873514,7659,2450,BUY
2017-01-02D20:08:39.357217,7660,2000,BUY
2017-01-02D20:09:59.801365,7655.1,1000,SELL
2017-01-02D20:09:59.801365,7655,19000,SELL
2017-01-02D20:11:47.952535,7646,2000,SELL
2017-01-02D20:11:47.952535,7640,5000,SELL
2017-01-02D20:11:59.188987,7634.2,20000,SELL
2017-01-02D20:11:59.188987,7632.5,2000,SELL
2017-01-02D20:12:05.738206,7640,640,BUY
2017-01-02D20:12:05.738206,7640,19360,BUY
2017-01-02D20:12:06.623392,7636.9,450,SELL
2017-01-02D20:12:09.655874,7636.8,1000,BUY
2017-01-02D20:12:09.655874,7640,640,BUY
2017-01-02D20:12:15.438794,7645.3,20000,SELL
2017-01-02D20:12:40.206045,7652.4,14000,BUY
2017-01-02D20:13:47.452499,7646.7,4000,SELL
2017-01-02D20:15:56.916772,7645,20000,BUY
2017-01-02D20:17:28.066031,7653.2,1000,SELL
2017-01-02D20:17:28.066031,7651.8,450,SELL
2017-01-02D20:19:04.541840,7659.6,1000,BUY
2017-01-02D20:19:04.541840,7659.7,2000,BUY
2017-01-02D20:20:23.536650,7668.9,1000,BUY
2017-01-02D20:20:23.536650,7669,2000,BUY
2017-01-02D20:21:11.074887,7669,10000,SELL
2017-01-02D20:21:11.074887,7667,1000,SELL
2017-01-02D20:21:11.074887,7662.5,450,SELL
2017-01-02D20:21:28.984048,7659.9,4000,SELL
2017-01-02D20:22:17.745906,7659.8,20000,SELL
2017-01-02D20:27:29.026026,7669.6,1000,BUY
2017-01-02D20:27:29.026026,7669.7,450,BUY
2017-01-02D20:27:29.026026,7673.8,6190,BUY
2017-01-02D20:33:01.742558,7688,2000,BUY
2017-01-02D20:33:16.468017,7688.8,2000,BUY
2017-01-02D20:33:36.588648,7693,2450,BUY
2017-01-02D20:41:14.097930,7710,1000,BUY
2017-01-02D20:41:18.509810,7712.7,450,BUY
2017-01-02D20:41:18.509810,7712.8,1000,BUY
2017-01-02D20:41:18.509810,7712.9,2000,BUY
2017-01-02D20:41:44.742565,7720,1000,BUY
2017-01-02D20:41:48.526176,7728.9,1000,BUY
2017-01-02D20:44:02.335422,7733,1000,BUY
2017-01-02D21:14:48.754643,7720.4,1000,BUY
2017-01-02D21:14:48.754643,7720.6,450,BUY
2017-01-02D21:14:48.754643,7721.7,18550,BUY
2017-01-02D21:18:26.280716,7690.9,2000,SELL
2017-01-02D21:21:40.601392,7694.5,1000,BUY
2017-01-02D21:21:47.111420,7696.5,20000,BUY
2017-01-02D21:53:09.490303,7685.8,2000,SELL
2017-01-02D21:54:15.730743,7687.5,20000,BUY
2017-01-02D21:54:15.730743,7690.1,1000,BUY
2017-01-02D21:54:15.730743,7694.5,20000,BUY
2017-01-02D22:10:37.995050,7713.2,2000,BUY
2017-01-02D22:12:27.050076,7728.9,1000,BUY
2017-01-02D22:12:53.002240,7717.3,1000,SELL
2017-01-02D22:15:01.742055,7720.2,1000,SELL
2017-01-02D22:16:40.335783,7720.1,1000,SELL
2017-01-02D22:16:40.335783,7720.1,1000,SELL
2017-01-02D22:19:56.327708,7719.9,1000,BUY
2017-01-02D22:20:03.564091,7725,2000,BUY
2017-01-02D22:33:43.908630,7728,15000,BUY
2017-01-02D22:37:42.145517,7727.1,1000,BUY
2017-01-02D22:37:42.145517,7727.1,1000,BUY
2017-01-02D22:38:22.104257,7729.8,15000,BUY
2017-01-02D22:38:22.104257,7730,2000,BUY
2017-01-02D22:38:47.597486,7739,2000,BUY
2017-01-02D22:38:55.895188,7743,2000,BUY
2017-01-02D22:39:09.077895,7749,2000,BUY
2017-01-02D22:39:09.077895,7749.1,2000,BUY
2017-01-02D22:39:09.077895,7751.3,450,BUY
2017-01-02D22:39:09.077895,7756.8,550,BUY
2017-01-02D22:44:48.925461,7739.2,1000,SELL
2017-01-02D22:44:52.543233,7739,1000,SELL
2017-01-02D22:55:08.911635,7727,1000,SELL
2017-01-02D22:55:08.911635,7727,1000,SELL
2017-01-02D22:55:08.911635,7722.3,1000,SELL
2017-01-02D22:55:08.911635,7722.2,450,SELL
2017-01-02D22:55:24.775740,7714.6,2000,SELL
2017-01-02D22:58:47.524010,7700,1000,BUY
2017-01-02D22:58:48.660876,7700.9,450,SELL
2017-01-02D22:58:48.660876,7700.8,550,SELL
2017-01-02D23:02:08.662151,7700.1,1000,SELL
2017-01-02D23:02:08.662151,7700,19000,SELL
2017-01-02D23:06:31.475969,7687.1,1000,SELL
2017-01-02D23:06:31.475969,7687,2000,SELL
2017-01-02D23:07:05.650828,7689.9,1000,BUY
2017-01-02D23:08:32.280176,7690.2,1000,SELL
2017-01-02D23:08:32.280176,7690.1,19000,SELL
2017-01-02D23:10:40.636569,7685.3,400,BUY
2017-01-02D23:11:06.534758,7680,200,SELL
2017-01-02D23:14:13.247137,7680,1000,BUY
2017-01-02D23:14:13.247137,7680,1000,BUY
2017-01-02D23:14:13.247137,7680,1000,BUY
2017-01-02D23:14:13.247137,7680,1000,BUY
2017-01-02D23:14:13.247137,7680,1000,BUY
2017-01-02D23:14:13.247137,7680,1000,BUY
2017-01-02D23:14:13.247137,7680,1000,BUY
2017-01-02D23:17:31.295442,7680,5000,BUY
2017-01-02D23:17:42.180999,7682,1111,BUY
2017-01-02D23:17:42.180999,7682,1111,BUY
2017-01-02D23:23:16.847274,7693,1112,BUY
2017-01-02D23:26:29.336171,7694.1,2000,BUY
2017-01-02D23:37:22.081177,7703,1000,BUY
2017-01-02D23:37:48.016735,7704,1111,BUY
2017-01-02D23:37:48.016735,7704,1111,BUY
2017-01-02D23:38:03.100107,7706,1000,BUY
2017-01-02D23:38:03.100107,7707.9,1000,BUY
2017-01-02D23:38:03.100107,7708,1111,BUY
2017-01-02D23:38:18.555986,7710,1000,BUY
2017-01-02D23:49:01.549369,7729.8,2000,BUY
2017-01-02D23:49:01.549369,7730,100,BUY
2017-01-02D23:49:48.222226,7738.9,1000,BUY
2017-01-02D23:53:53.810679,7726,1000,BUY
2017-01-03D00:21:40.152522,7726.5,1000,BUY
2017-01-03D00:21:40.152522,7726.5,9400,BUY
2017-01-03D00:21:58.178375,7733,15000,BUY
2017-01-03D00:22:11.044068,7740,100,BUY
2017-01-03D00:22:11.044068,7748.7,1000,BUY
2017-01-03D00:22:11.044068,7748.9,450,BUY
2017-01-03D00:22:11.044068,7754.1,3450,BUY
2017-01-03D00:22:24.519993,7748.6,450,BUY
2017-01-03D00:22:45.077279,7753,999,BUY
2017-01-03D00:24:01.779861,7753,14001,BUY
2017-01-03D00:24:20.411841,7759,2000,BUY
2017-01-03D00:24:20.411841,7759.1,2000,BUY
2017-01-03D00:24:25.174593,7760,600,BUY
2017-01-03D00:24:40.222689,7764,2000,BUY
2017-01-03D00:25:20.525113,7766.9,1000,BUY
2017-01-03D00:25:20.525113,7767,1000,BUY
2017-01-03D00:25:23.614915,7767,1000,BUY
2017-01-03D00:29:44.251113,7777,999,BUY
2017-01-03D00:29:45.854766,7777,1001,BUY
2017-01-03D00:29:45.854766,7777,15000,BUY
2017-01-03D00:29:53.135419,7780.1,2000,BUY
2017-01-03D00:33:16.498804,7790,15000,BUY
2017-01-03D00:33:27.384113,7800,2000,BUY
2017-01-03D00:33:27.384113,7805.5,1000,BUY
2017-01-03D00:33:27.384113,7805.7,450,BUY
2017-01-03D00:33:27.384113,7809,400,BUY
2017-01-03D00:33:27.384113,7811.8,2000,BUY
2017-01-03D00:34:17.774622,7819.2,1000,BUY
2017-01-03D00:34:38.447578,7819.7,1000,BUY
2017-01-03D00:35:12.366597,7814.5,1000,BUY
2017-01-03D00:37:04.959019,7824,2000,BUY
2017-01-03D00:39:55.165172,7827.2,450,BUY
2017-01-03D00:39:55.165172,7827.3,20000,BUY
2017-01-03D00:41:01.348036,7835,1000,BUY
2017-01-03D00:41:06.349097,7835,1000,BUY
2017-01-03D00:41:54.976909,7820,15000,SELL
2017-01-03D00:44:45.147147,7822,20000,SELL
2017-01-03D00:44:48.911817,7822,2950,SELL
2017-01-03D00:49:27.636881,7825,2000,BUY
2017-01-03D00:50:20.351265,7839,15000,BUY
2017-01-03D00:51:35.866878,7835,1000,BUY
2017-01-03D00:51:56.017377,7814.6,6000,SELL
2017-01-03D00:52:23.074999,7801.8,450,SELL
2017-01-03D00:52:23.074999,7801.7,19550,SELL
2017-01-03D00:54:51.284426,7802.6,1000,BUY
2017-01-03D00:54:52.271447,7801.7,450,SELL
2017-01-03D00:54:52.271447,7799.6,2000,SELL
2017-01-03D00:54:59.260594,7794.3,1000,BUY
2017-01-03D00:55:12.803817,7791.9,1000,BUY
2017-01-03D01:00:09.298664,7805.7,2000,BUY
2017-01-03D01:01:01.595760,7798.1,1000,BUY
2017-01-03D01:03:26.038186,7800.9,2000,SELL
2017-01-03D01:06:20.240776,7796.9,2000,BUY
2017-01-03D01:09:38.991486,7799.9,2000,BUY
2017-01-03D01:12:00.704092,7790.5,20000,BUY
2017-01-03D01:12:00.704092,7798,20000,BUY
2017-01-03D01:12:00.892574,7788.8,450,SELL
2017-01-03D01:12:00.892574,7788.7,1000,SELL
2017-01-03D01:12:04.881352,7787.8,1250,SELL
2017-01-03D01:12:04.881352,7787.8,500,SELL
2017-01-03D01:12:04.881352,7787.6,2000,SELL
2017-01-03D01:12:32.017938,7783.5,20000,BUY
2017-01-03D01:12:32.017938,7788.1,18550,BUY
2017-01-03D01:12:32.017938,7791,20000,BUY
2017-01-03D01:12:32.017938,7795.6,20000,BUY
2017-01-03D01:13:01.656200,7785.6,20000,BUY
2017-01-03D01:13:01.656200,7793.1,20000,BUY
2017-01-03D01:13:24.819084,7785.7,20000,BUY
2017-01-03D01:16:56.115129,7800,100,BUY
2017-01-03D01:22:12.155350,7806.4,2000,BUY
2017-01-03D01:25:13.785399,7815,2000,BUY
2017-01-03D01:26:06.559393,7824.9,450,BUY
2017-01-03D01:26:06.559393,7825,1550,BUY
2017-01-03D01:32:01.401459,7825,450,BUY
2017-01-03D01:32:58.719740,7830,2000,BUY
2017-01-03D01:33:06.521333,7835,2000,BUY
2017-01-03D01:33:06.521333,7838.1,450,BUY
2017-01-03D01:40:51.419977,7818.7,1000,SELL
2017-01-03D01:40:51.419977,7818.5,2000,SELL
2017-01-03D01:40:51.419977,7817.4,20000,SELL
2017-01-03D01:41:00.228246,7813.1,5000,SELL
2017-01-03D01:42:45.784349,7807.7,1000,SELL
2017-01-03D01:42:45.784349,7807.5,450,SELL
2017-01-03D01:42:45.784349,7807.2,3550,SELL
2017-01-03D01:43:28.336275,7805.7,1000,SELL
2017-01-03D01:43:28.336275,7805.6,20000,SELL
2017-01-03D01:48:49.857029,7799.9,1002,SELL
2017-01-03D01:49:08.976939,7794.2,2000,SELL
2017-01-03D01:54:34.722942,7810.5,2000,SELL
2017-01-03D01:54:48.906260,7816.9,2000,BUY
2017-01-03D02:03:11.577171,7807,1000,BUY
2017-01-03D02:03:11.577171,7807.1,1000,BUY
2017-01-03D02:09:50.705122,7790,450,SELL
2017-01-03D02:09:50.705122,7789.9,3000,SELL
2017-01-03D02:09:50.705122,7789,20000,SELL
2017-01-03D02:10:57.289748,7796.7,1000,BUY
2017-01-03D02:12:29.154175,7780.9,450,SELL
2017-01-03D02:12:42.602417,7780.9,1550,SELL
2017-01-03D02:20:58.461567,7789.9,1000,BUY
2017-01-03D02:20:58.461567,7790,1000,BUY
2017-01-03D02:22:21.455868,7790,550,BUY
2017-01-03D02:30:10.618220,7800,1550,BUY
2017-01-03D02:31:41.682668,7810,1550,BUY
2017-01-03D02:33:23.851036,7812.6,3000,BUY
2017-01-03D02:33:23.851036,7814.5,2000,BUY
2017-01-03D02:33:59.769038,7819.5,2000,BUY
2017-01-03D02:34:03.507286,7820,3333,BUY
2017-01-03D02:34:03.507286,7821,3333,BUY
2017-01-03D02:34:18.057672,7825,1000,BUY
2017-01-03D02:34:21.808884,7825,1000,BUY
2017-01-03D02:45:07.663848,7810,18450,SELL
2017-01-03D02:52:32.340253,7802,450,SELL
2017-01-03D02:52:32.340253,7801.9,1000,SELL
2017-01-03D02:52:32.340253,7800.4,20000,SELL
2017-01-03D02:55:51.539681,7814.7,1000,BUY
2017-01-03D02:55:51.539681,7821.2,450,BUY
2017-01-03D02:55:59.793203,7822.3,20000,SELL
2017-01-03D03:05:27.512278,7789.8,3000,SELL
2017-01-03D03:31:29.697155,7812.8,1000,BUY
2017-01-03D03:31:31.450733,7812.8,1000,BUY
2017-01-03D03:31:38.942968,7815.2,1000,BUY
2017-01-03D03:38:09.426943,7820,2000,BUY
2017-01-03D03:39:16.676306,7816.2,1250,SELL
2017-01-03D03:39:23.722563,7827.9,1000,SELL
2017-01-03D03:39:25.481831,7827.9,1000,BUY
2017-01-03D03:39:29.589809,7827.9,1000,BUY
2017-01-03D03:40:55.359700,7830,2000,BUY
2017-01-03D03:40:55.359700,7830.2,1000,BUY
2017-01-03D03:41:21.752935,7835,1550,BUY
2017-01-03D03:41:21.752935,7835.5,3000,BUY
2017-01-03D03:41:43.172447,7840,2000,BUY
2017-01-03D03:43:01.344874,7842.7,1000,BUY
2017-01-03D03:43:12.405612,7844,1500,BUY
2017-01-03D03:43:12.405612,7845,2000,BUY
2017-01-03D03:43:47.399304,7837.7,1000,SELL
2017-01-03D03:43:47.399304,7837.6,19000,SELL
2017-01-03D03:48:15.145772,7828.4,3000,SELL
2017-01-03D03:48:15.145772,7828.1,1000,SELL
2017-01-03D03:48:15.145772,7827.9,1000,SELL
2017-01-03D03:48:15.145772,7827.9,1000,SELL
2017-01-03D03:48:15.145772,7827.9,1000,SELL
2017-01-03D03:48:15.145772,7824.9,1000,SELL
2017-01-03D03:51:16.307164,7823,1,SELL
2017-01-03D03:51:55.345425,7822.9,1000,SELL
2017-01-03D03:52:28.943093,7807.8,450,SELL
2017-01-03D03:52:28.943093,7807.7,1000,SELL
2017-01-03D03:52:28.943093,7807.6,3000,SELL
2017-01-03D03:52:30.550939,7807.6,3000,BUY
2017-01-03D04:00:02.836055,7809.8,1000,BUY
2017-01-03D04:00:02.836055,7809.9,19000,BUY
2017-01-03D04:09:14.355583,7816.5,1000,SELL
2017-01-03D04:09:14.355583,7816.4,450,SELL
2017-01-03D04:09:14.355583,7811.2,1550,SELL
2017-01-03D04:14:22.650235,7818.1,1000,BUY
2017-01-03D04:14:22.650235,7818.2,583,BUY
2017-01-03D04:16:31.459747,7799.2,3000,SELL
2017-01-03D04:16:31.459747,7797.8,1000,SELL
2017-01-03D04:16:31.459747,7797.7,450,SELL
2017-01-03D04:36:15.546710,7797.4,3000,SELL
2017-01-03D04:45:24.166167,7795.2,2000,SELL
2017-01-03D04:45:38.256059,7793.4,3000,SELL
2017-01-03D04:45:38.256059,7789.4,1000,SELL
2017-01-03D04:45:46.310674,7784.9,1000,SELL
2017-01-03D04:49:34.931323,7778.9,3000,SELL
2017-01-03D04:49:38.564166,7777.4,1000,SELL
2017-01-03D04:49:38.564166,7776.8,450,SELL
2017-01-03D04:49:38.564166,7772.6,3000,SELL
2017-01-03D04:55:16.355202,7767.4,1000,SELL
2017-01-03D04:55:16.355202,7767,3000,SELL
2017-01-03D04:55:20.010817,7764.8,3000,SELL
2017-01-03D04:55:20.092240,7760,100,SELL
2017-01-03D04:55:20.092240,7756.9,1000,SELL
2017-01-03D04:55:20.092240,7756.7,450,SELL
2017-01-03D04:55:20.092240,7754.9,450,SELL
2017-01-03D04:55:25.060093,7754.9,550,SELL
2017-01-03D04:55:25.060093,7754.8,2000,SELL
2017-01-03D04:55:25.060093,7754.8,2000,SELL
2017-01-03D04:55:25.060093,7754.7,2450,SELL
2017-01-03D04:55:30.061015,7754.8,8550,SELL
2017-01-03D04:55:41.558251,7758.7,20000,SELL
2017-01-03D04:55:41.787399,7762.9,1000,BUY
2017-01-03D04:55:56.306803,7759.3,8000,SELL
2017-01-03D05:01:07.649398,7772.1,3000,BUY
2017-01-03D05:03:31.792378,7772.9,1000,BUY
2017-01-03D05:04:11.476300,7775.4,330,BUY
2017-01-03D05:05:38.518815,7774.8,8000,BUY
2017-01-03D05:09:20.853975,7749.9,1000,SELL
2017-01-03D05:09:24.417322,7742.4,1000,SELL
2017-01-03D05:09:25.059297,7740,100,SELL
2017-01-03D05:09:25.059297,7738.2,450,SELL
2017-01-03D05:09:25.059297,7734.8,3000,SELL
2017-01-03D05:09:25.059297,7731.6,3450,SELL
2017-01-03D05:09:41.456856,7727.7,450,SELL
2017-01-03D05:09:41.456856,7724.3,4550,SELL
2017-01-03D05:09:41.456856,7721.8,15800,SELL
2017-01-03D05:09:45.064114,7723.1,450,SELL
2017-01-03D05:09:45.064114,7723,1550,SELL
2017-01-03D05:10:21.309987,7735.7,1000,BUY
2017-01-03D05:12:03.263841,7720,100,SELL
2017-01-03D05:12:10.461629,7711.6,3000,SELL
2017-01-03D05:15:29.937062,7726.9,450,BUY
2017-01-03D05:15:29.937062,7727,8000,BUY
2017-01-03D05:16:28.012398,7746.9,3000,BUY
2017-01-03D05:41:36.569878,7778.9,3000,BUY
2017-01-03D06:03:06.527279,7754.3,3000,SELL
2017-01-03D06:13:46.413988,7749,20000,BUY
2017-01-03D06:16:02.250899,7748.4,1000,SELL
2017-01-03D06:16:02.250899,7748.4,1000,SELL
2017-01-03D06:16:02.250899,7748.4,1000,SELL
2017-01-03D06:16:02.250899,7748.4,1000,SELL
2017-01-03D06:16:02.250899,7748.4,1000,SELL
2017-01-03D06:16:02.250899,7748.4,1000,SELL
2017-01-03D06:19:02.041738,7749,20000,BUY
2017-01-03D06:20:13.135254,7754.9,450,BUY
2017-01-03D06:20:13.135254,7755,19550,BUY
2017-01-03D06:20:34.422720,7755,450,BUY
2017-01-03D06:24:32.855340,7749,20000,BUY
2017-01-03D06:26:45.586561,7748.4,1000,SELL
2017-01-03D06:27:29.497652,7740.3,3000,SELL
2017-01-03D06:32:13.817891,7710.1,450,SELL
2017-01-03D06:32:13.817891,7710,20000,SELL
2017-01-03D06:32:13.817891,7705.5,3000,SELL
2017-01-03D06:32:13.817891,7702.9,6550,SELL
2017-01-03D06:33:41.459278,7700.1,450,SELL
2017-01-03D06:33:41.459278,7700,100,SELL
2017-01-03D06:33:41.459278,7700,1000,SELL
2017-01-03D06:33:41.459278,7696.6,5450,SELL
2017-01-03D06:35:05.034941,7683,3000,SELL
2017-01-03D06:35:05.034941,7680,100,SELL
2017-01-03D06:35:08.694677,7663.2,10000,SELL
2017-01-03D06:35:25.429709,7660,100,SELL
2017-01-03D06:35:25.429709,7649.9,450,SELL
2017-01-03D06:35:25.429709,7649.8,4450,SELL
2017-01-03D06:36:17.019694,7684.2,5000,SELL
2017-01-03D06:36:35.939131,7686.1,3000,BUY
2017-01-03D06:40:43.616114,7710,20000,BUY
2017-01-03D06:42:04.960535,7713.7,5000,SELL
2017-01-03D06:42:07.247017,7712.1,5000,SELL
2017-01-03D06:42:11.331725,7711.8,5000,SELL
2017-01-03D06:49:58.028746,7700,20000,SELL
2017-01-03D06:51:06.801956,7693,20000,SELL
2017-01-03D06:51:10.877050,7691.1,3000,SELL
2017-01-03D06:53:18.051725,7678,20000,BUY
2017-01-03D06:53:21.776132,7678,20000,BUY
2017-01-03D06:53:25.496423,7678,20000,BUY
2017-01-03D06:53:32.699309,7678,20000,BUY
2017-01-03D06:53:36.310433,7678,10000,BUY
2017-01-03D06:57:38.053945,7696,20000,SELL
2017-01-03D06:57:38.222708,7696.7,50,BUY
2017-01-03D06:57:56.722474,7676.1,3000,SELL
2017-01-03D06:58:29.562737,7684.8,50,BUY
2017-01-03D06:58:53.907874,7675,20000,SELL
2017-01-03D07:00:16.641731,7680,20000,SELL
2017-01-03D07:01:48.942852,7663,50,BUY
2017-01-03D07:02:15.267004,7650,100,SELL
2017-01-03D07:02:15.267004,7641.8,3000,SELL
2017-01-03D07:02:26.476828,7640,100,SELL
2017-01-03D07:04:00.155659,7650,100,SELL
2017-01-03D07:04:04.008785,7635,20000,SELL
2017-01-03D07:04:24.954294,7620.2,3000,SELL
2017-01-03D07:04:24.954294,7620,100,SELL
2017-01-03D07:07:49.160810,7661.5,3000,BUY
2017-01-03D07:07:49.160810,7662.5,450,BUY
2017-01-03D07:16:12.370857,7662.7,3000,SELL
2017-01-03D07:20:18.728591,7640,100,SELL
2017-01-03D07:20:18.728591,7640,3500,SELL
2017-01-03D07:20:18.728591,7630.3,1000,SELL
2017-01-03D07:20:18.728591,7630.2,3000,SELL
2017-01-03D07:20:20.134200,7626.2,50,BUY
2017-01-03D07:21:39.256959,7643,3000,BUY
2017-01-03D07:33:43.095504,7680.4,3000,BUY
2017-01-03D07:37:18.409013,7703,20000,BUY
2017-01-03D07:41:25.443706,7699,20000,BUY
2017-01-03D07:42:40.508960,7710,20000,BUY
2017-01-03D07:53:50.120308,7700,400,BUY
2017-01-03D07:59:10.770135,7703.4,1000,SELL
2017-01-03D07:59:10.770135,7703.2,1000,SELL
2017-01-03D07:59:10.770135,7703.2,1000,SELL
2017-01-03D07:59:10.770135,7703.2,1000,SELL
2017-01-03D08:11:36.305445,7679.8,1000,SELL
2017-01-03D08:11:36.305445,7679.7,3000,SELL
2017-01-03D08:14:22.169365,7672.5,1000,SELL
2017-01-03D08:14:22.169365,7672.3,3000,SELL
2017-01-03D08:15:30.398666,7662.8,1000,SELL
2017-01-03D08:15:30.398666,7662.6,450,SELL
2017-01-03D08:15:30.398666,7659.4,8550,SELL
2017-01-03D08:36:34.547059,7647,10000,SELL
2017-01-03D08:36:49.028687,7645.1,3000,SELL
2017-01-03D08:37:02.032420,7643,1000,SELL
2017-01-03D08:37:32.554322,7633.2,450,SELL
2017-01-03D08:37:32.554322,7633.1,1000,SELL
2017-01-03D08:37:32.554322,7633,1100,SELL
2017-01-03D08:37:32.554322,7628.2,1450,SELL
2017-01-03D08:44:43.942995,7650,100,SELL
2017-01-03D08:46:48.691966,7645,1030,BUY
2017-01-03D08:49:28.526885,7625.3,3000,SELL
2017-01-03D08:49:32.598472,7620.5,1100,SELL
2017-01-03D09:03:22.314494,7636.5,3000,BUY
2017-01-03D09:27:30.987866,7657.4,1,BUY
2017-01-03D09:28:23.121973,7665.7,1,BUY
2017-01-03D09:39:02.012539,7626.8,3000,SELL
2017-01-03D09:46:26.902300,7611,450,SELL
2017-01-03D09:46:26.902300,7610.9,1000,SELL
2017-01-03D09:46:55.498523,7600.7,1000,SELL
2017-01-03D09:46:55.498523,7600.5,1100,SELL
2017-01-03D09:46:55.498523,7600.5,1100,SELL
2017-01-03D09:46:55.498523,7600,200,SELL
2017-01-03D09:47:02.920379,7598.5,3000,SELL
2017-01-03D09:47:21.775535,7590,500,SELL
2017-01-03D09:47:54.850294,7591.7,450,SELL
2017-01-03D09:47:54.850294,7591.6,1000,SELL
2017-01-03D09:47:54.850294,7590,8550,SELL
2017-01-03D09:48:03.795687,7590,20000,SELL
2017-01-03D09:48:07.541776,7590,20000,SELL
2017-01-03D09:48:13.287655,7590,20000,SELL
2017-01-03D09:48:15.741516,7590,20000,SELL
2017-01-03D09:48:19.462703,7590,450,SELL
2017-01-03D09:48:21.582733,7590,500,SELL
2017-01-03D09:48:22.831936,7573.5,1000,SELL
2017-01-03D09:48:22.831936,7573.4,3000,SELL
2017-01-03D09:51:38.361002,7564.1,1000,SELL
2017-01-03D09:51:38.361002,7562.7,3000,SELL
2017-01-03D09:51:38.361002,7562.2,450,SELL
2017-01-03D09:53:10.092348,7563,1000,SELL
2017-01-03D09:55:10.115356,7585.8,1000,BUY
2017-01-03D09:55:10.115356,7585.9,3000,BUY
2017-01-03D10:03:59.534208,7563.7,3000,SELL
2017-01-03D10:04:07.717269,7563,1000,SELL
2017-01-03D10:04:26.016506,7550,300,SELL
2017-01-03D10:04:30.055788,7533.6,450,SELL
2017-01-03D10:04:30.055788,7533.5,20000,SELL
2017-01-03D10:04:30.055788,7530.8,3000,SELL
2017-01-03D10:04:30.055788,7525.4,20000,SELL
2017-01-03D10:04:30.055788,7517.3,20000,SELL
2017-01-03D10:04:30.055788,7515.6,450,SELL
2017-01-03D10:04:30.055788,7510,500,SELL
2017-01-03D10:04:30.055788,7509.2,20000,SELL
2017-01-03D10:04:30.055788,7506,3500,SELL
2017-01-03D10:04:30.055788,7501.1,20000,SELL
2017-01-03D10:04:30.055788,7500,400,SELL
2017-01-03D10:04:30.055788,7497.7,450,SELL
2017-01-03D10:04:30.055788,7493,20000,SELL
2017-01-03D10:04:30.055788,7484.9,13250,SELL
2017-01-03D10:09:12.716854,7568.9,450,BUY
2017-01-03D10:09:12.716854,7569.3,1000,BUY
2017-01-03D10:09:12.716854,7569.4,3000,BUY
2017-01-03D10:16:44.258626,7589.1,1000,SELL
2017-01-03D10:17:10.210432,7593.8,1000,BUY
2017-01-03D10:18:31.725589,7600.1,1000,SELL
2017-01-03D10:20:12.229721,7603.3,1000,BUY
2017-01-03D10:20:17.423887,7606,3000,BUY
2017-01-03D10:22:33.353175,7608.7,2000,BUY
2017-01-03D10:22:33.353175,7608.8,1000,BUY
2017-01-03D10:22:33.353175,7608.9,450,BUY
2017-01-03D10:25:33.163337,7603.5,7500,BUY
2017-01-03D10:32:10.227401,7593.1,3000,SELL
2017-01-03D10:36:16.431655,7607.2,450,BUY
2017-01-03D10:36:16.431655,7607.9,1000,BUY
2017-01-03D10:36:16.431655,7608,18550,BUY
2017-01-03D10:36:23.439272,7608,3672,BUY
2017-01-03D10:36:23.439272,7608.9,450,BUY
2017-01-03D10:38:03.137283,7616.9,800,BUY
2017-01-03D10:38:14.678048,7617,1000,BUY
2017-01-03D10:38:39.095162,7616,1000,SELL
2017-01-03D10:38:40.914919,7617.1,200,BUY
2017-01-03D10:38:40.914919,7617.2,3000,BUY
2017-01-03D10:39:14.317963,7630,3500,BUY
2017-01-03D10:45:41.374389,7646,15000,BUY
2017-01-03D10:45:41.374389,7646.6,1000,BUY
2017-01-03D10:45:41.374389,7646.7,3000,BUY
2017-01-03D10:45:41.374389,7651,2,BUY
2017-01-03D10:46:41.687139,7652,2000,SELL
2017-01-03D10:49:40.198116,7650.4,1000,SELL
2017-01-03D10:52:49.556744,7653,100,BUY
2017-01-03D11:01:15.144471,7654.9,400,SELL
2017-01-03D11:15:31.556161,7670,20000,BUY
2017-01-03D11:15:39.872449,7670,5000,BUY
2017-01-03D11:16:55.210516,7670.8,500,SELL
2017-01-03D11:20:03.018526,7653.8,700,SELL
2017-01-03D11:27:26.275749,7640.1,3000,SELL
2017-01-03D11:30:46.665342,7645.6,100,SELL
2017-01-03D11:33:27.936230,7634.4,450,SELL
2017-01-03D11:33:27.936230,7634.3,1000,SELL
2017-01-03D11:33:27.936230,7634.2,4000,SELL
2017-01-03D11:40:31.512282,7640,200,BUY
2017-01-03D11:41:24.710182,7645.6,50,BUY
2017-01-03D11:42:09.944143,7645.6,950,BUY
2017-01-03D11:55:31.608208,7630.4,1000,SELL
2017-01-03D11:55:31.608208,7630.3,20000,SELL
2017-01-03D11:55:39.712112,7627.7,20000,SELL
2017-01-03D11:56:20.203818,7637.3,1000,BUY
2017-01-03D12:14:17.002081,7650,200,BUY
2017-01-03D12:14:17.002081,7650.6,1500,BUY
2017-01-03D12:14:17.002081,7656.4,5800,BUY
2017-01-03D12:24:11.586460,7656.4,7500,SELL
2017-01-03D12:29:30.831315,7662.2,5500,BUY
2017-01-03D12:29:49.076722,7664.8,15500,BUY
2017-01-03D12:30:15.115529,7675.5,450,BUY
2017-01-03D12:30:15.115529,7675.6,3000,BUY
2017-01-03D12:30:33.604098,7688.9,2000,BUY
2017-01-03D12:30:33.604098,7689,450,BUY
2017-01-03D12:30:42.358968,7699.9,2000,BUY
2017-01-03D12:30:42.358968,7700,200,BUY
2017-01-03D12:31:53.046359,7705.6,450,BUY
2017-01-03D12:31:53.046359,7705.7,1000,BUY
2017-01-03D12:31:55.786256,7706.7,10000,SELL
2017-01-03D12:31:56.859011,7709.7,3000,BUY
2017-01-03D12:31:56.859011,7710.7,1000,BUY
2017-01-03D12:31:56.859011,7713.1,450,BUY
2017-01-03D12:31:56.859011,7717,18000,BUY
2017-01-03D12:31:56.859011,7718.2,1000,BUY
2017-01-03D12:31:56.859011,7718.2,1000,BUY
2017-01-03D12:36:33.357212,7701.8,10450,BUY
2017-01-03D12:36:33.357212,7702,9550,BUY
2017-01-03D12:36:40.961537,7702,450,BUY
2017-01-03D12:42:10.490848,7713.7,7050,BUY
2017-01-03D12:42:10.490848,7715.2,12950,BUY
2017-01-03D12:43:14.810145,7695,2000,SELL
2017-01-03D12:43:14.810145,7695,1000,SELL
2017-01-03D12:43:14.810145,7689,450,SELL
2017-01-03D12:43:14.810145,7679.3,3000,SELL
2017-01-03D12:43:18.679866,7672.5,450,SELL
2017-01-03D12:43:18.679866,7672.5,2000,SELL
2017-01-03D12:44:50.612138,7668.5,1000,SELL
2017-01-03D12:44:50.612138,7668.3,1000,SELL
2017-01-03D12:46:43.541596,7664.3,14000,BUY
2017-01-03D12:46:50.707676,7665.2,450,SELL
2017-01-03D12:46:50.707676,7665.1,1000,SELL
2017-01-03D12:47:36.505669,7656.2,1000,SELL
2017-01-03D12:47:36.505669,7656.1,450,SELL
2017-01-03D12:49:31.454860,7648.3,1000,SELL
2017-01-03D12:53:40.245678,7638.2,1000,SELL
2017-01-03D12:53:40.245678,7638.1,450,SELL
2017-01-03D12:56:28.235996,7636,7500,SELL
2017-01-03D12:59:09.270787,7640.6,1000,BUY
2017-01-03D12:59:09.270787,7642.4,4000,BUY
2017-01-03D13:08:02.888766,7611,450,SELL
2017-01-03D13:08:02.888766,7610.9,1000,SELL
2017-01-03D13:08:06.643544,7610.8,1320,SELL
2017-01-03D13:19:01.669641,7603.2,3000,SELL
2017-01-03D13:20:07.834763,7578.4,5000,SELL
2017-01-03D13:31:49.006507,7596,1500,BUY
2017-01-03D13:34:05.240181,7614.5,3000,BUY
2017-01-03D13:34:05.240181,7616.3,2000,BUY
2017-01-03D13:49:36.903763,7609.6,3000,BUY
2017-01-03D13:51:48.069401,7635.8,450,BUY
2017-01-03D13:51:48.069401,7635.9,3000,BUY
2017-01-03D13:51:48.069401,7640.4,1550,BUY
2017-01-03D13:54:07.414599,7631,450,BUY
2017-01-03D13:54:07.414599,7631.1,661,BUY
2017-01-03D13:57:14.243965,7631,3333,BUY
2017-01-03D13:57:15.263130,7618.9,2000,BUY
2017-01-03D14:08:06.790382,7613,2000,SELL
2017-01-03D14:11:45.483631,7598.5,3000,SELL
2017-01-03D14:19:48.941767,7605.4,3000,BUY
2017-01-03D14:26:18.093930,7592.7,500,SELL
2017-01-03D14:26:38.035598,7578.4,2000,SELL
2017-01-03D14:26:38.035598,7578.3,1000,SELL
2017-01-03D14:29:23.036003,7572.3,450,SELL
2017-01-03D14:29:23.036003,7572.2,1800,SELL
2017-01-03D14:30:02.429653,7590.1,2000,BUY
2017-01-03D14:30:13.780029,7590.3,250,SELL
2017-01-03D14:30:53.075468,7575,1000,SELL
2017-01-03D14:31:07.769163,7566.5,3000,SELL
2017-01-03D14:31:26.285788,7561,1111,SELL
2017-01-03D14:35:33.991540,7561.9,1000,SELL
2017-01-03D14:35:53.021656,7550,2500,SELL
2017-01-03D14:35:57.113349,7541.7,450,SELL
2017-01-03D14:35:57.113349,7541.6,2000,SELL
2017-01-03D14:35:57.113349,7541.5,3000,SELL
2017-01-03D14:35:57.113349,7540.7,9450,SELL
2017-01-03D14:38:33.720048,7587.7,3000,BUY
2017-01-03D14:39:35.540629,7612.5,450,BUY
2017-01-03D14:39:35.540629,7612.6,3000,BUY
2017-01-03D14:42:39.850091,7623.8,450,BUY
2017-01-03D14:42:39.850091,7623.9,2000,BUY
2017-01-03D14:44:27.006870,7625.8,2000,SELL
2017-01-03D14:44:27.006870,7625.7,3050,SELL
2017-01-03D14:46:10.877421,7625,13050,BUY
2017-01-03D14:46:18.161344,7629.8,2000,BUY
2017-01-03D14:49:57.389916,7636.2,2000,BUY
2017-01-03D14:49:57.389916,7637.8,450,BUY
2017-01-03D14:55:40.158626,7625,18100,BUY
2017-01-03D14:55:45.097845,7624.3,2000,SELL
2017-01-03D14:55:45.097845,7624.2,3500,SELL
2017-01-03D14:58:20.363370,7610,100,SELL
2017-01-03D15:05:54.941758,7621.5,3000,BUY
2017-01-03D15:10:45.821635,7634.8,500,SELL
2017-01-03D15:16:00.115627,7630.8,2000,SELL
2017-01-03D15:16:00.115627,7630.7,20000,SELL
2017-01-03D15:16:17.216054,7630.1,20000,SELL
2017-01-03D15:16:17.216054,7627.5,2000,SELL
2017-01-03D15:16:46.732922,7624.3,13000,SELL
2017-01-03D15:33:18.769246,7644,250,SELL
2017-01-03D15:33:36.859776,7644,75,SELL
2017-01-03D15:39:10.831703,7650.7,3000,BUY
2017-01-03D15:55:26.387023,7640.5,3000,SELL
2017-01-03D15:57:31.900965,7627.1,900,SELL
2017-01-03D16:00:44.038439,7616.5,2000,SELL
2017-01-03D16:00:44.038439,7616.4,3000,SELL
2017-01-03D16:00:44.038439,7615.3,450,SELL
2017-01-03D16:08:49.855574,7633.5,3000,BUY
2017-01-03D16:16:50.991339,7664.7,450,BUY
2017-01-03D16:16:50.991339,7664.8,2000,BUY
2017-01-03D16:16:50.991339,7665,3000,BUY
2017-01-03D16:20:15.790588,7643.3,2000,SELL
2017-01-03D16:25:42.983538,7634.3,3000,SELL
2017-01-03D16:42:03.694267,7644.9,3000,BUY
2017-01-03D16:48:24.062942,7658.4,1000,BUY
2017-01-03D17:02:45.362559,7655.1,1000,SELL
2017-01-03D17:12:39.226861,7634.3,4,BUY
2017-01-03D17:12:51.625823,7631.9,3000,SELL
2017-01-03D17:12:51.625823,7631.9,1000,SELL
2017-01-03D17:17:21.455175,7628.5,1500,BUY
2017-01-03D17:20:42.707138,7638.8,1000,BUY
2017-01-03D17:27:07.208715,7620,20000,SELL
2017-01-03D17:28:56.872370,7620,13333,SELL
2017-01-03D17:29:50.025957,7610.2,450,SELL
2017-01-03D17:29:50.025957,7610.1,2000,SELL
2017-01-03D17:29:53.678328,7610,20000,SELL
2017-01-03D17:29:57.753760,7610,13333,SELL
2017-01-03D17:34:39.291139,7616.6,2500,SELL
2017-01-03D17:43:52.440863,7636,20000,SELL
2017-01-03D17:52:54.744336,7625,20000,SELL
2017-01-03D18:06:34.683660,7652.5,2000,BUY
2017-01-03D18:06:34.683660,7652.6,3000,BUY
2017-01-03D18:09:39.680708,7670.2,450,BUY
2017-01-03D18:09:39.680708,7670.3,2000,BUY
2017-01-03D18:09:39.680708,7671.2,20000,BUY
2017-01-03D18:09:39.680708,7676.7,20000,BUY
2017-01-03D18:09:39.680708,7682.3,20000,BUY
2017-01-03D18:19:51.721052,7663,2000,SELL
2017-01-03D18:22:21.372777,7654,3000,SELL
2017-01-03D18:31:57.106118,7648.4,2000,SELL
2017-01-03D18:32:13.775767,7646.8,1000,SELL
2017-01-03D18:35:13.233438,7652.3,20000,BUY
2017-01-03D18:50:30.817917,7643.8,10,SELL
2017-01-03D19:18:12.440248,7649.2,2000,BUY
2017-01-03D19:18:12.440248,7649.3,10,BUY
2017-01-03D19:45:43.436486,7626.2,3000,SELL
2017-01-03D19:47:19.101702,7625.1,500,SELL
2017-01-03D20:19:21.879886,7638,13000,SELL
2017-01-03D20:19:41.678020,7638,13000,BUY
2017-01-03D20:39:18.624465,7644,13000,BUY
2017-01-03D20:40:04.381583,7652,13000,BUY
2017-01-03D20:40:17.820683,7656,500,BUY
2017-01-03D20:40:29.522601,7661.1,3000,BUY
2017-01-03D20:48:25.061816,7659.8,200,BUY
2017-01-03D20:55:07.277932,7650.5,2000,SELL
2017-01-03D20:59:43.389079,7631.2,2500,SELL
2017-01-03D21:18:24.906205,7667.5,2000,BUY
2017-01-03D21:18:27.264886,7667.6,3000,BUY
2017-01-03D21:30:41.454281,7659.8,2000,BUY
2017-01-03D21:30:59.676412,7660,13000,BUY
2017-01-03D21:35:44.166847,7669.2,2000,BUY
2017-01-03D21:35:44.166847,7669.4,18000,BUY
2017-01-03D21:35:48.801576,7671,450,BUY
2017-01-03D21:35:48.801576,7671.1,2000,BUY
2017-01-03D21:35:52.538957,7671.2,17550,SELL
2017-01-03D21:35:52.723296,7669.6,2000,BUY
2017-01-03D21:36:20.154557,7662.1,20000,BUY
2017-01-03D21:39:36.374600,7676.8,50,BUY
2017-01-03D21:40:41.390679,7680,2000,BUY
2017-01-03D21:45:33.466262,7663.8,20000,SELL
2017-01-03D21:45:54.578471,7658.4,20000,SELL
2017-01-03D21:48:33.850114,7659.6,2000,SELL
2017-01-03D21:48:33.850114,7659.6,2000,SELL
2017-01-03D21:53:07.245623,7659.6,2000,SELL
2017-01-03D21:53:07.245623,7659.6,2000,SELL
2017-01-03D21:53:10.861132,7654.4,20000,SELL
2017-01-03D21:59:57.261451,7656.1,10000,SELL
2017-01-03D22:01:39.618827,7657.4,20000,BUY
2017-01-03D22:01:39.618827,7661,22222,BUY
2017-01-03D22:01:42.598897,7661,7778,SELL
2017-01-03D22:36:15.257050,7658.9,2000,SELL
2017-01-03D22:46:10.619121,7650.2,10000,SELL
2017-01-03D22:56:23.968595,7664,20000,BUY
2017-01-03D22:56:27.716529,7664,2222,BUY
2017-01-03D23:12:09.717580,7668,2000,BUY
2017-01-03D23:12:09.717580,7668,2000,BUY
2017-01-03D23:13:15.671939,7684.9,2000,BUY
2017-01-03D23:13:15.671939,7685,5000,BUY
2017-01-03D23:13:15.671939,7685,5000,BUY
2017-01-03D23:14:18.340512,7687.7,3000,BUY
2017-01-03D23:14:26.428949,7688.6,16500,BUY
2017-01-03D23:16:10.907996,7708.5,3000,BUY
2017-01-03D23:16:53.011562,7712.1,2000,BUY
2017-01-03D23:17:15.949976,7712.1,4000,BUY
2017-01-03D23:18:03.559405,7712,2000,SELL
2017-01-03D23:18:35.516697,7727.9,2000,BUY
2017-01-03D23:18:58.661365,7725.4,2000,BUY
2017-01-03D23:31:10.275787,7703.9,800,SELL
2017-01-03D23:34:46.008070,7705.4,2000,BUY
2017-01-03D23:35:12.722647,7701.5,20000,SELL
2017-01-03D23:36:36.841458,7697.7,2000,SELL
2017-01-03D23:36:36.841458,7696.5,450,SELL
2017-01-03D23:38:03.224052,7689.1,450,SELL
2017-01-03D23:38:03.224052,7689.1,2000,SELL
2017-01-03D23:38:03.224052,7689,3000,SELL
2017-01-03D23:38:03.224052,7682.4,550,SELL
2017-01-03D23:49:55.044850,7719.8,2200,SELL
2017-01-03D23:50:56.610161,7732.1,3000,BUY
2017-01-03D23:51:05.726820,7739,4500,BUY
2017-01-03D23:51:54.984918,7744.9,2000,BUY
2017-01-03D23:51:54.984918,7745,6500,BUY
2017-01-03D23:51:54.984918,7745,4000,BUY
2017-01-03D23:52:19.773238,7751,8500,BUY
2017-01-03D23:53:51.310707,7753.9,15400,SELL
2017-01-03D23:58:29.510866,7743,250,SELL
2017-01-03D23:58:35.440742,7745.4,450,BUY
2017-01-04D00:01:20.234536,7765.1,1950,BUY
2017-01-04D00:02:01.348334,7760.9,250,SELL
2017-01-04D00:02:25.684137,7767.2,450,BUY
2017-01-04D00:02:33.130460,7770.3,2000,BUY
2017-01-04D00:02:33.130460,7770.6,450,BUY
2017-01-04D00:16:03.020041,7784.1,450,BUY
2017-01-04D00:16:03.020041,7784.2,3000,BUY
2017-01-04D00:16:14.749911,7795.5,450,BUY
2017-01-04D00:16:14.749911,7795.6,8000,BUY
2017-01-04D00:16:22.986410,7800,200,BUY
2017-01-04D00:16:22.986410,7808.1,450,BUY
2017-01-04D00:16:37.530302,7815.8,3000,BUY
2017-01-04D00:16:37.530302,7833.9,450,BUY
2017-01-04D00:17:11.853333,7844.5,450,BUY
2017-01-04D00:17:11.853333,7844.6,2000,BUY
2017-01-04D00:17:11.853333,7844.6,2000,BUY
2017-01-04D00:17:11.853333,7847.2,20000,BUY
2017-01-04D00:17:11.853333,7850,1,BUY
2017-01-04D00:17:11.853333,7850,1550,BUY
2017-01-04D00:17:11.853333,7852.8,20000,BUY
2017-01-04D00:17:11.853333,7855,2000,BUY
2017-01-04D00:17:11.853333,7858.5,20000,BUY
2017-01-04D00:17:14.460427,7859.6,20000,SELL
2017-01-04D00:17:14.460427,7859.6,11999,SELL
2017-01-04D00:17:17.941262,7831.8,20000,BUY
2017-01-04D00:17:17.941262,7838.7,4450,BUY
2017-01-04D00:17:43.059960,7830.4,2000,BUY
2017-01-04D00:17:43.059960,7833.4,450,BUY
2017-01-04D00:18:12.284430,7838.5,450,BUY
2017-01-04D00:19:17.044216,7849.8,2000,BUY
2017-01-04D00:19:35.520725,7860,1550,BUY
2017-01-04D00:19:51.487558,7865,2000,BUY
2017-01-04D00:19:51.487558,7865.6,3000,BUY
2017-01-04D00:20:00.915734,7859.7,20000,BUY
2017-01-04D00:21:23.264647,7862.4,2000,SELL
2017-01-04D00:21:23.264647,7861.9,2000,SELL
2017-01-04D00:21:23.264647,7859.7,16000,SELL
2017-01-04D00:21:23.264647,7859.7,4000,SELL
2017-01-04D00:21:33.383662,7850.5,2000,BUY
2017-01-04D00:22:27.177376,7851.9,9150,SELL
2017-01-04D00:26:25.695320,7824.3,450,SELL
2017-01-04D00:26:25.695320,7824.3,2000,SELL
2017-01-04D00:26:25.695320,7824.2,3000,SELL
2017-01-04D00:28:07.785871,7828.5,2000,BUY
2017-01-04D00:28:21.957257,7830.6,2000,BUY
2017-01-04D00:29:28.487563,7837.6,171,BUY
2017-01-04D00:35:51.868622,7829.2,2000,BUY
2017-01-04D00:41:12.529603,7801.2,450,SELL
2017-01-04D00:49:47.309465,7802.7,10,SELL
2017-01-04D00:49:54.290672,7805.3,10,SELL
2017-01-04D00:51:51.397084,7805.6,1990,SELL
2017-01-04D00:59:01.402704,7800,450,SELL
2017-01-04D00:59:05.165262,7793.6,5000,SELL
2017-01-04D00:59:24.873191,7794.6,1000,SELL
2017-01-04D01:03:01.580025,7807.3,1500,SELL
2017-01-04D01:03:33.104840,7803.3,1413,SELL
2017-01-04D01:08:30.537685,7832.3,2000,BUY
2017-01-04D01:08:30.537685,7832.6,450,BUY
2017-01-04D01:08:30.537685,7832.7,10,BUY
2017-01-04D01:08:51.687231,7832.2,250,BUY
2017-01-04D01:09:22.321475,7832.2,200,BUY
2017-01-04D01:12:58.911881,7836,2000,BUY
2017-01-04D01:16:24.618595,7824.1,2000,SELL
2017-01-04D01:18:29.444575,7825.8,500,BUY
2017-01-04D01:19:10.427231,7825.8,19500,BUY
2017-01-04D01:21:01.855418,7841.8,20000,SELL
2017-01-04D01:21:07.533756,7852.4,500,BUY
2017-01-04D01:21:52.524409,7850,20000,BUY
2017-01-04D01:22:28.008719,7852.5,3000,BUY
2017-01-04D01:22:43.173325,7857.3,1500,BUY
2017-01-04D01:22:43.173325,7857.4,500,BUY
2017-01-04D01:23:56.448074,7840.4,450,SELL
2017-01-04D01:23:56.448074,7839,750,SELL
2017-01-04D01:24:36.566185,7838,500,SELL
2017-01-04D01:24:38.933063,7838,500,SELL
2017-01-04D01:24:41.018062,7838,500,SELL
2017-01-04D01:26:51.688174,7857.3,1500,BUY
2017-01-04D01:26:51.688174,7857.4,5050,BUY
2017-01-04D01:27:13.964855,7864,15000,BUY
2017-01-04D01:27:14.613690,7870,1500,BUY
2017-01-04D01:27:29.254932,7870,50,BUY
2017-01-04D01:27:36.508945,7875,500,BUY
2017-01-04D01:27:40.686038,7875,500,BUY
2017-01-04D01:27:41.283133,7875,550,BUY
2017-01-04D01:27:41.283133,7877.7,3000,BUY
2017-01-04D01:27:48.679619,7880,1550,BUY
2017-01-04D01:27:57.504700,7884.9,450,BUY
2017-01-04D01:27:57.504700,7885,20,BUY
2017-01-04D01:30:28.148569,7876.4,4000,BUY
2017-01-04D01:32:58.639522,7865,1500,SELL
2017-01-04D01:32:59.519905,7855.7,450,SELL
2017-01-04D01:32:59.519905,7852.2,1020,SELL
2017-01-04D01:33:39.138914,7852.3,450,SELL
2017-01-04D01:33:39.138914,7845,410,SELL
2017-01-04D01:33:40.184360,7845,40,SELL
2017-01-04D01:33:40.184360,7842.1,7960,SELL
2017-01-04D01:34:32.184372,7862.5,450,BUY
2017-01-04D01:34:32.184372,7862.6,3550,BUY
2017-01-04D01:34:51.375504,7852.4,10,SELL
2017-01-04D01:39:40.291036,7850,490,SELL
2017-01-04D01:39:46.654262,7845.6,20000,SELL
2017-01-04D01:39:50.044059,7845.6,480,SELL
2017-01-04D01:39:50.044059,7843.5,3520,SELL
2017-01-04D01:42:48.883627,7849.9,1020,BUY
2017-01-04D01:42:48.883627,7850,18980,BUY
2017-01-04D01:45:28.573723,7850,530,BUY
2017-01-04D01:45:49.270703,7853.3,480,BUY
2017-01-04D01:45:49.270703,7853.4,10119,BUY
2017-01-04D01:48:22.549121,7873.8,3000,BUY
2017-01-04D01:48:27.783931,7884.9,450,BUY
2017-01-04D01:48:27.783931,7885,420,BUY
2017-01-04D01:48:55.940879,7884.6,400,BUY
2017-01-04D01:49:54.996091,7885,1110,BUY
2017-01-04D01:49:54.996091,7885,5000,BUY
2017-01-04D01:51:03.292412,7879.6,400,SELL
2017-01-04D01:51:54.271698,7866.6,3000,SELL
2017-01-04D01:52:30.610110,7855.3,20000,SELL
2017-01-04D01:52:37.376395,7856.8,10000,SELL
2017-01-04D01:55:14.933203,7842.2,400,SELL
2017-01-04D01:55:37.142036,7842.2,50,SELL
2017-01-04D01:55:37.142036,7837.9,130,SELL
2017-01-04D01:55:38.781869,7837.9,2870,SELL
2017-01-04D01:55:41.874130,7833.9,480,SELL
2017-01-04D01:55:47.879731,7832.9,2520,BUY
2017-01-04D02:01:08.823878,7849.9,480,BUY
2017-01-04D02:01:08.823878,7850,19520,BUY
2017-01-04D02:11:15.304534,7823.2,480,SELL
2017-01-04D02:14:02.980472,7825.8,100,BUY
2017-01-04D02:14:06.960225,7826,20000,BUY
2017-01-04D02:14:20.100798,7826,100,BUY
2017-01-04D02:14:32.751147,7830.3,100,BUY
2017-01-04D02:16:35.067881,7850.5,180,BUY
2017-01-04D02:16:46.008901,7850.5,100,BUY
2017-01-04D02:16:54.832140,7848.9,10,BUY
2017-01-04D02:16:57.200520,7849.1,10,BUY
2017-01-04D02:16:59.438823,7849.1,10,BUY
2017-01-04D02:18:11.878536,7852.3,5,BUY
2017-01-04D02:19:35.814566,7841.1,100,SELL
2017-01-04D02:21:43.818231,7832.2,180,SELL
2017-01-04D02:24:26.987025,7826.9,450,SELL
2017-01-04D02:24:26.987025,7826.9,1020,SELL
2017-01-04D02:24:26.987025,7822.5,3000,SELL
2017-01-04D02:24:26.987025,7815.8,3156,SELL
2017-01-04D02:25:45.441952,7819.4,450,SELL
2017-01-04D02:25:45.441952,7819.4,250,SELL
2017-01-04D02:27:51.600580,7830,20000,BUY
2017-01-04D02:28:08.974683,7830,2000,BUY
2017-01-04D02:30:09.743868,7830,3000,BUY
2017-01-04D02:30:09.743868,7830,400,BUY
2017-01-04D02:30:09.743868,7830,400,BUY
2017-01-04D02:31:42.760137,7838.9,1250,SELL
2017-01-04D02:31:57.295141,7844.1,500,BUY
2017-01-04D02:35:46.781166,7838.9,250,SELL
2017-01-04D02:36:01.822707,7834.7,3000,SELL
2017-01-04D02:36:13.762284,7832,3000,SELL
2017-01-04D02:40:03.158611,7839.3,4000,BUY
2017-01-04D02:43:17.411087,7816.5,135,SELL
2017-01-04D02:43:50.576734,7819.5,64,SELL
2017-01-04D02:54:04.674760,7814.3,450,SELL
2017-01-04D02:54:04.674760,7814.3,2000,SELL
2017-01-04D02:54:04.674760,7814.2,2000,SELL
2017-01-04D02:54:04.674760,7814,3000,SELL
2017-01-04D02:54:04.674760,7807.6,2550,SELL
2017-01-04D02:56:48.734053,7805.6,2200,SELL
2017-01-04D02:57:52.426862,7796.3,450,SELL
2017-01-04D03:00:42.434677,7808.3,8000,BUY
2017-01-04D03:06:57.063212,7820.6,2000,BUY
2017-01-04D03:15:40.672023,7816.4,20000,SELL
2017-01-04D03:28:52.019953,7829.2,2000,BUY
2017-01-04D03:28:52.019953,7829.3,2000,BUY
2017-01-04D03:33:33.979886,7840,450,BUY
2017-01-04D03:33:33.979886,7840.1,2000,BUY
2017-01-04D03:33:45.205627,7842.1,450,BUY
2017-01-04D03:33:45.205627,7842.2,10545,BUY
2017-01-04D03:34:45.500608,7844,2000,BUY
2017-01-04D03:34:45.500608,7844,200,BUY
2017-01-04D03:34:45.500608,7844.2,2800,BUY
2017-01-04D03:35:14.789401,7845,1100,BUY
2017-01-04D03:36:16.010156,7850,200,BUY
2017-01-04D03:36:31.170243,7859,2000,BUY
2017-01-04D03:37:10.146153,7864.6,3000,BUY
2017-01-04D03:37:10.146153,7865,1100,BUY
2017-01-04D03:37:10.146153,7868.9,450,BUY
2017-01-04D03:37:10.146153,7870.1,5450,BUY
2017-01-04D03:37:21.773981,7866.2,64,BUY
2017-01-04D03:41:02.384070,7858.1,1400,SELL
2017-01-04D03:51:19.654195,7860,200,BUY
2017-01-04D03:59:06.542887,7840.1,8545,SELL
2017-01-04D03:59:06.542887,7840.1,2000,SELL
2017-01-04D03:59:06.542887,7840,200,SELL
2017-01-04D03:59:06.542887,7839.5,3000,SELL
2017-01-04D04:05:08.118061,7865,200,BUY
2017-01-04D04:05:08.118061,7865,200,BUY
2017-01-04D04:05:11.871515,7866.6,3000,BUY
2017-01-04D04:05:11.871515,7867.5,450,BUY
2017-01-04D04:06:47.590328,7889.9,2000,BUY
2017-01-04D04:06:47.590328,7890,1550,BUY
2017-01-04D04:07:02.071726,7899.9,3000,BUY
2017-01-04D04:07:02.071726,7900,1550,BUY
2017-01-04D04:08:02.226611,7894.2,450,BUY
2017-01-04D04:08:02.226611,7894.3,3550,BUY
2017-01-04D04:12:15.259515,7881.8,1782,SELL
2017-01-04D04:12:17.770650,7882.1,1782,BUY
2017-01-04D04:17:00.759082,7881.9,1000,SELL
2017-01-04D04:20:07.328115,7872.4,450,BUY
2017-01-04D04:20:59.420884,7884.7,450,BUY
2017-01-04D04:21:10.498568,7887.7,1782,BUY
2017-01-04D04:21:21.474313,7890,100,BUY
2017-01-04D04:23:02.464575,7891.9,2500,BUY
2017-01-04D04:23:10.761367,7896.1,1782,BUY
2017-01-04D04:23:19.920057,7900,100,BUY
2017-01-04D04:23:19.920057,7900,2,BUY
2017-01-04D04:25:56.440936,7917.6,1,SELL
2017-01-04D04:34:30.339123,7905.2,18000,SELL
2017-01-04D04:41:42.772863,7920.4,300,BUY
2017-01-04D04:44:44.430888,7909.8,1000,SELL
2017-01-04D04:45:16.294273,7899,100,SELL
2017-01-04D04:45:18.551343,7891.3,20000,BUY
2017-01-04D04:45:22.270158,7891.3,450,BUY
2017-01-04D04:52:37.165856,7896,20000,SELL
2017-01-04D04:52:39.699871,7896,2000,SELL
2017-01-04D04:52:41.892946,7896,20000,SELL
2017-01-04D04:52:43.366847,7896,2000,SELL
2017-01-04D04:52:45.489572,7896,20000,SELL
2017-01-04D04:52:45.658569,7896,2000,SELL
2017-01-04D04:52:47.221555,7896,2000,SELL
2017-01-04D04:52:48.892546,7896,2000,SELL
2017-01-04D04:52:48.982993,7896,20000,SELL
2017-01-04D04:52:55.566289,7896,2000,SELL
2017-01-04D04:52:57.248192,7896,2000,SELL
2017-01-04D04:53:01.537022,7896,2000,SELL
2017-01-04D04:54:57.860085,7899,20000,SELL
2017-01-04D04:55:01.470432,7899,5000,SELL
2017-01-04D04:55:05.111067,7896,4000,SELL
2017-01-04D04:59:00.826058,7911.6,2000,BUY
2017-01-04D04:59:00.826058,7911.7,3000,BUY
2017-01-04D04:59:00.826058,7912.9,1000,BUY
2017-01-04D05:01:11.459375,7927.8,450,BUY
2017-01-04D05:01:11.459375,7927.9,1000,BUY
2017-01-04D05:01:11.459375,7930,1550,BUY
2017-01-04D05:01:11.459375,7930,100,BUY
2017-01-04D05:01:11.459375,7935.8,16900,BUY
2017-01-04D05:01:47.439365,7935,20000,SELL
2017-01-04D05:02:54.559278,7935,5000,SELL
2017-01-04D05:03:54.864243,7938.6,3000,BUY
2017-01-04D05:05:44.699798,7947.9,1000,BUY
2017-01-04D05:05:44.699798,7950,1550,BUY
2017-01-04D05:06:06.576468,7958.3,20000,BUY
2017-01-04D05:06:11.974977,7956.4,20000,BUY
2017-01-04D05:06:11.974977,7962.8,2000,BUY
2017-01-04D05:06:11.974977,7962.9,20000,BUY
2017-01-04D05:06:11.974977,7964.7,450,BUY
2017-01-04D05:06:11.974977,7965.4,1000,BUY
2017-01-04D05:06:11.974977,7968.4,3000,BUY
2017-01-04D05:06:11.974977,7969.5,20000,BUY
2017-01-04D05:06:11.974977,7974.4,450,BUY
2017-01-04D05:06:13.421441,7975,20000,SELL
2017-01-04D05:06:13.421441,7975,13100,SELL
2017-01-04D05:06:22.852315,7965.6,20000,BUY
2017-01-04D05:06:22.852315,7970.6,450,BUY
2017-01-04D05:06:22.852315,7972.2,20000,BUY
2017-01-04D05:06:24.438324,7975,20000,SELL
2017-01-04D05:06:28.023822,7975,20000,SELL
2017-01-04D05:06:56.666779,7981.8,3000,BUY
2017-01-04D05:07:14.835252,7985,450,BUY
2017-01-04D05:08:14.716274,7983.8,3000,BUY
2017-01-04D05:09:20.582696,7990,10,BUY
2017-01-04D05:09:27.710242,7997.2,20000,BUY
2017-01-04D05:09:32.433752,7997.2,15000,BUY
2017-01-04D05:09:48.236353,8000,56,BUY
2017-01-04D05:09:48.236353,8000,10,BUY
2017-01-04D05:09:48.810211,8012,450,BUY
2017-01-04D05:09:48.810211,8013.7,3000,BUY
2017-01-04D05:09:51.881301,8013.8,9550,SELL
2017-01-04D05:09:56.446734,8019.3,4,BUY
2017-01-04D05:10:06.641367,8014.4,20000,SELL
2017-01-04D05:10:11.007209,8014.4,810,SELL
2017-01-04D05:10:11.657332,8012.1,2500,BUY
2017-01-04D05:11:30.540233,8011.3,2000,BUY
2017-01-04D05:12:15.618647,8001.2,500,BUY
2017-01-04D05:12:25.179277,8001.2,530,BUY
2017-01-04D05:12:59.029132,8008.3,500,SELL
2017-01-04D05:13:55.908307,8006.7,1030,BUY
2017-01-04D05:13:55.908307,8009.5,20000,BUY
2017-01-04D05:13:55.908307,8016.3,20000,BUY
2017-01-04D05:13:55.908307,8018.2,450,BUY
2017-01-04D05:13:55.908307,8020,13000,BUY
2017-01-04D05:13:57.940269,8020,20000,SELL
2017-01-04D05:13:57.940269,8020,20000,SELL
2017-01-04D05:14:17.937534,8020,5530,SELL
2017-01-04D05:14:35.973011,8016.1,20000,BUY
2017-01-04D05:14:39.337489,8020,5000,SELL
2017-01-04D05:16:18.799769,8010.8,7000,SELL
2017-01-04D05:16:31.447121,8021.2,1030,BUY
2017-01-04D05:16:47.008343,8033.7,1030,BUY
2017-01-04D05:16:51.307418,8037.3,3000,BUY
2017-01-04D05:16:51.307418,8044.9,10000,BUY
2017-01-04D05:16:51.307418,8045.9,450,BUY
2017-01-04D05:16:51.307418,8046.2,1030,BUY
2017-01-04D05:16:51.307418,8046.2,1030,BUY
2017-01-04D05:16:53.833535,8048.5,500,SELL
2017-01-04D05:17:46.363801,8037.6,500,BUY
2017-01-04D05:18:01.424863,8051.9,3666,BUY
2017-01-04D05:18:03.127540,8054.5,50,SELL
2017-01-04D05:18:06.966652,8068.1,1820,BUY
2017-01-04D05:20:21.997513,8042.5,50,SELL
2017-01-04D05:20:33.820070,8037.3,50,SELL
2017-01-04D05:20:41.364107,8037.3,450,SELL
2017-01-04D05:20:41.364107,8037.2,50,SELL
2017-01-04D05:20:45.581301,8037.2,500,SELL
2017-01-04D05:20:56.828305,8037.2,480,SELL
2017-01-04D05:21:01.353031,8034.7,500,SELL
2017-01-04D05:21:05.405485,8034.7,530,SELL
2017-01-04D05:21:06.444877,8027.8,450,SELL
2017-01-04D05:21:06.444877,8027.7,50,SELL
2017-01-04D05:21:28.099279,8037,50,BUY
2017-01-04D05:21:28.099279,8039.2,50,BUY
2017-01-04D05:21:28.975301,8039.7,50,SELL
2017-01-04D05:22:28.767669,8053.3,50,BUY
2017-01-04D05:22:28.767669,8056.3,3000,BUY
2017-01-04D05:22:53.831361,8064.3,50,BUY
2017-01-04D05:23:51.465569,8068.4,50,BUY
2017-01-04D05:23:58.638600,8073.4,50,BUY
2017-01-04D05:23:58.638600,8077.2,1030,BUY
2017-01-04D05:24:05.740421,8082.2,1030,BUY
2017-01-04D05:24:13.082739,8092,450,BUY
2017-01-04D05:24:13.082739,8092.1,3000,BUY
2017-01-04D05:24:13.082739,8096.5,216,BUY
2017-01-04D05:24:30.284768,8071.6,20000,BUY
2017-01-04D05:24:39.175999,8063.1,3000,SELL
2017-01-04D05:26:20.044056,8042.6,450,SELL
2017-01-04D05:26:20.044056,8042.5,20000,SELL
2017-01-04D05:26:20.044056,8035.5,20000,SELL
2017-01-04D05:26:20.044056,8032.7,3000,SELL
2017-01-04D05:26:20.044056,8028.5,1000,SELL
2017-01-04D05:29:25.756227,8043.5,1040,BUY
2017-01-04D05:29:25.756227,8048.5,1040,BUY
2017-01-04D05:35:40.095254,8025,3000,SELL
2017-01-04D05:35:40.095254,8024.2,1040,SELL
2017-01-04D05:36:58.743832,8016.8,450,SELL
2017-01-04D05:36:58.743832,8016.7,1040,SELL
2017-01-04D05:39:21.671635,8021,20000,BUY
2017-01-04D05:39:39.986399,8026.8,3000,BUY
2017-01-04D05:45:15.896019,8016.5,300,SELL
2017-01-04D05:45:38.812889,8016.5,200,SELL
2017-01-04D05:45:45.044311,8000.7,450,SELL
2017-01-04D05:45:45.044311,7998.4,20000,SELL
2017-01-04D05:45:45.044311,7996.1,3000,SELL
2017-01-04D05:45:45.044311,7990.1,20000,SELL
2017-01-04D05:45:45.044311,7981.9,6550,SELL
2017-01-04D05:45:45.044311,7981.9,13450,SELL
2017-01-04D05:45:45.044311,7981,450,SELL
2017-01-04D05:45:45.044311,7973.6,20000,SELL
2017-01-04D05:45:45.044311,7965.4,16100,SELL
2017-01-04D05:45:47.527094,7999.9,2000,SELL
2017-01-04D05:46:30.058839,7979.3,450,SELL
2017-01-04D05:46:30.058839,7979.2,3000,SELL
2017-01-04D05:46:30.058839,7975.2,20000,SELL
2017-01-04D05:46:30.058839,7968.6,2000,SELL
2017-01-04D05:46:30.058839,7966.9,20000,SELL
2017-01-04D05:46:30.058839,7959.6,450,SELL
2017-01-04D05:46:30.058839,7958.7,4100,SELL
2017-01-04D05:46:35.084764,7954.1,450,SELL
2017-01-04D05:46:35.084764,7953.1,2750,SELL
2017-01-04D05:49:15.669439,7980,20000,SELL
2017-01-04D05:49:19.337648,7980,20000,SELL
2017-01-04D05:49:34.443323,7980,2000,SELL
2017-01-04D05:50:18.402560,7982.2,3000,BUY
2017-01-04D05:54:17.022744,7994.2,20000,SELL
2017-01-04D05:54:17.022744,7994.2,2000,SELL
2017-01-04D05:54:17.022744,7985.4,20000,SELL
2017-01-04D05:54:17.022744,7985.3,3000,SELL
2017-01-04D05:54:17.022744,7979.8,450,SELL
2017-01-04D05:54:17.022744,7979.3,1040,SELL
2017-01-04D05:54:17.022744,7976.7,3510,SELL
2017-01-04D06:03:33.423990,8011.6,500,BUY
2017-01-04D06:04:59.015847,8009.9,450,BUY
2017-01-04D06:04:59.015847,8011.8,550,BUY
2017-01-04D06:17:32.970140,7978.5,500,SELL
2017-01-04D06:18:18.963043,7972.9,1500,SELL
2017-01-04D06:29:43.632281,7990.3,5000,BUY
2017-01-04D06:44:23.135561,7985.9,500,BUY
2017-01-04D06:44:57.109147,7995.1,500,BUY
2017-01-04D06:44:57.109147,7995.3,3000,BUY
2017-01-04D06:45:00.806653,7995.8,500,BUY
2017-01-04D06:46:43.533841,7999,1000,SELL
2017-01-04D06:47:07.207917,8009.4,2000,BUY
2017-01-04D06:47:07.207917,8009.5,450,BUY
2017-01-04D06:47:07.207917,8010.3,20000,BUY
2017-01-04D06:47:14.688505,7997.7,500,SELL
2017-01-04D06:50:36.574983,8011.6,1000,BUY
2017-01-04D06:50:36.574983,8011.8,490,BUY
2017-01-04D06:53:04.458982,8016.5,3000,BUY
2017-01-04D06:53:46.732744,8024.1,2,BUY
2017-01-04D06:54:20.996892,8016.8,2000,SELL
2017-01-04D06:54:38.602669,8010.2,20000,SELL
2017-01-04D06:54:46.546095,8007.2,20000,BUY
2017-01-04D06:54:55.520841,8008.9,20000,SELL
2017-01-04D06:55:13.788266,8000.7,3000,SELL
2017-01-04D06:55:13.788266,8000.3,17000,SELL
2017-01-04D07:04:43.811586,8024,8024,BUY
2017-01-04D07:04:43.811586,8024.3,1040,BUY
2017-01-04D07:07:09.829739,8031.9,2000,BUY
2017-01-04D07:07:09.829739,8032,8032,BUY
2017-01-04D07:14:50.414753,8030,8030,BUY
2017-01-04D07:15:01.890464,8037.2,3000,BUY
2017-01-04D07:16:48.806820,8039.2,1040,BUY
2017-01-04D07:17:06.639840,8049.2,1040,BUY
2017-01-04D07:18:55.668729,8032.5,3000,SELL
2017-01-04D07:32:22.402183,8020,6045,SELL
2017-01-04D07:34:44.899338,8020.6,2000,BUY
2017-01-04D07:34:44.899338,8020.7,6045,BUY
2017-01-04D07:44:10.944175,8040,8040,BUY
2017-01-04D07:52:39.320217,8021.4,3000,SELL
2017-01-04D07:53:43.489209,8012.9,2000,SELL
2017-01-04D07:54:15.055504,7997.5,450,SELL
2017-01-04D07:54:15.055504,7997.3,3000,SELL
2017-01-04D07:54:15.055504,7993.6,11550,SELL
2017-01-04D07:54:36.600205,7981.9,450,SELL
2017-01-04D07:54:36.600205,7976.8,3000,SELL
2017-01-04D07:54:36.600205,7975.3,16550,SELL
2017-01-04D07:55:22.947353,7987.7,2000,BUY
2017-01-04D07:56:22.028133,7981.5,20000,SELL
2017-01-04D07:56:25.878212,7977,2000,SELL
2017-01-04D07:56:25.878212,7976.9,450,SELL
2017-01-04D07:58:24.630228,7977.7,1100,SELL
2017-01-04D07:59:41.799448,7987.6,2000,BUY
2017-01-04D07:59:41.799448,7987.7,20000,BUY
2017-01-04D08:10:57.859525,7983.6,2000,SELL
2017-01-04D08:12:50.731264,7989,2000,BUY
2017-01-04D08:17:03.296904,8000,450,SELL
2017-01-04D08:17:04.490262,8000,2000,SELL
2017-01-04D08:17:13.550927,8000,20000,SELL
2017-01-04D08:17:15.657992,8000,450,SELL
2017-01-04D08:17:17.415631,8000,12100,SELL
2017-01-04D08:20:34.521291,7999,1230,BUY
2017-01-04D08:20:57.933089,8004,1230,BUY
2017-01-04D08:23:32.683770,8013.7,450,BUY
2017-01-04D08:23:32.683770,8013.8,3000,BUY
2017-01-04D08:23:32.683770,8014,1230,BUY
2017-01-04D08:23:32.683770,8020.6,15320,BUY
2017-01-04D08:32:07.290666,8020,50,BUY
2017-01-04D08:45:17.625698,8010.3,450,BUY
2017-01-04D08:54:52.216534,7986.6,3000,SELL
2017-01-04D08:56:28.344439,7966.1,450,SELL
2017-01-04D08:56:28.344439,7966.1,2000,SELL
2017-01-04D08:56:28.344439,7966,2000,SELL
2017-01-04D08:56:28.344439,7960.8,550,SELL
2017-01-04D08:57:30.225091,7960.8,490,SELL
2017-01-04D08:57:45.073143,7953.1,3000,SELL
2017-01-04D09:00:08.708379,7926.6,2000,BUY
2017-01-04D09:00:35.837080,7934.4,20000,SELL
2017-01-04D09:00:57.422986,7936,20000,SELL
2017-01-04D09:00:57.422986,7933.6,450,SELL
2017-01-04D09:02:24.031761,7955,3000,BUY
2017-01-04D09:02:25.954147,7955,20000,BUY
2017-01-04D09:02:31.005163,7956.7,3000,BUY
2017-01-04D09:06:23.666653,7965,1400,BUY
2017-01-04D09:07:23.475927,7969.5,9550,BUY
2017-01-04D09:18:17.983736,7973.4,2000,SELL
2017-01-04D09:18:17.983736,7973.2,18000,SELL
2017-01-04D09:23:44.833840,7969.6,2000,SELL
2017-01-04D09:25:52.982498,7969.6,450,BUY
2017-01-04D09:27:11.632759,7980,2000,BUY
2017-01-04D09:27:30.073462,7984.3,3000,BUY
2017-01-04D09:27:30.073462,7994.2,2000,BUY
2017-01-04D09:27:45.037300,7994.4,2000,BUY
2017-01-04D09:27:45.037300,8002.9,3000,BUY
2017-01-04D09:28:13.891303,8001,10000,BUY
2017-01-04D09:30:08.118734,8003.6,2000,BUY
2017-01-04D09:30:10.125643,8010,5000,BUY
2017-01-04D09:31:13.056979,8010.2,450,BUY
2017-01-04D09:31:13.056979,8010.3,2000,BUY
2017-01-04D09:31:13.056979,8012.1,7550,BUY
2017-01-04D09:38:46.838302,7982.2,450,SELL
2017-01-04D09:38:46.838302,7982.1,2000,SELL
2017-01-04D09:43:50.097090,7981.7,2550,BUY
2017-01-04D09:53:24.708225,7998.4,1,BUY
2017-01-04D09:53:26.800951,8012.9,450,BUY
2017-01-04D09:53:26.800951,8012.9,9550,BUY
2017-01-04D09:59:57.484995,8014.9,20000,BUY
2017-01-04D10:03:48.758141,7990.4,2000,SELL
2017-01-04D10:03:56.666177,7989.6,450,SELL
2017-01-04D10:08:50.181752,8003.3,2000,BUY
2017-01-04D10:08:50.181752,8003.4,20000,BUY
2017-01-04D10:08:52.614490,8007,20000,SELL
2017-01-04D10:09:19.811927,8007,320,SELL
2017-01-04D10:09:24.914536,8007,7680,SELL
2017-01-04D10:31:07.386134,8001.1,100,BUY
2017-01-04D10:31:41.488123,8008.9,32,BUY
2017-01-04D10:33:13.135384,8008.9,7508,BUY
2017-01-04D10:33:22.631310,8012.4,500,BUY
2017-01-04D10:35:17.043884,8015.1,3000,BUY
2017-01-04D10:41:23.001206,8011,32,BUY
2017-01-04D10:45:50.082706,8007.5,20000,BUY
2017-01-04D10:45:53.847378,8007.5,20000,BUY
2017-01-04D10:45:57.608147,8007.5,20000,BUY
2017-01-04D10:46:09.450821,8007.5,20000,BUY
2017-01-04D10:46:19.833640,8012.5,19968,BUY
2017-01-04D10:46:58.824648,8014.9,12615,SELL
2017-01-04D10:47:30.065753,8040.9,5000,BUY
2017-01-04D10:47:35.256128,8042.2,5000,BUY
2017-01-04D10:47:55.075735,8048.3,3000,BUY
2017-01-04D10:47:55.075735,8052.8,2000,BUY
2017-01-04D10:49:55.082299,8058.3,1040,BUY
2017-01-04D10:49:55.082299,8061.5,3960,BUY
2017-01-04D10:50:47.257765,8050.7,5000,BUY
2017-01-04D10:50:49.277152,8050.7,15000,BUY
2017-01-04D10:50:49.277152,8058.1,5000,BUY
2017-01-04D10:51:56.547430,8063.3,1040,BUY
2017-01-04D10:51:56.547430,8070.3,2000,BUY
2017-01-04D10:51:56.547430,8070.4,3000,BUY
2017-01-04D10:51:56.547430,8074.7,13960,BUY
2017-01-04D10:58:13.806799,8080.1,3000,BUY
2017-01-04D10:58:13.806799,8080.7,1040,BUY
2017-01-04D10:58:22.578122,8093.2,1040,BUY
2017-01-04D10:58:28.281584,8093.5,450,BUY
2017-01-04D10:58:28.281584,8097.2,1030,BUY
2017-01-04D10:58:28.281584,8100,100,BUY
2017-01-04D10:58:29.010717,8103.2,450,SELL
2017-01-04D10:58:29.349525,8103.2,20000,SELL
2017-01-04D10:58:30.133653,8103.2,450,SELL
2017-01-04D10:58:38.570191,8094.5,2000,SELL
2017-01-04D10:58:38.570191,8094.4,18000,SELL
2017-01-04D10:58:41.664441,8100,20000,BUY
2017-01-04D10:58:41.664441,8104.5,450,BUY
2017-01-04D10:58:41.664441,8107.2,20000,BUY
2017-01-04D10:58:44.005442,8111.9,20000,SELL
2017-01-04D10:58:45.648933,8111.9,20000,SELL
2017-01-04D10:58:45.648933,8111.9,20000,SELL
2017-01-04D10:58:45.648933,8111.9,13030,SELL
2017-01-04D10:59:21.275869,8124.1,600,BUY
2017-01-04D10:59:42.450610,8116.1,11000,BUY
2017-01-04D10:59:43.715077,8114.6,20000,SELL
2017-01-04D11:02:25.534151,8108.5,450,SELL
2017-01-04D11:02:25.534151,8108.4,2000,SELL
2017-01-04D11:05:08.050807,8127.6,450,BUY
2017-01-04D11:05:08.050807,8127.7,2000,BUY
2017-01-04D11:05:08.050807,8127.8,3000,BUY
2017-01-04D11:06:01.429003,8138.4,2000,BUY
2017-01-04D11:06:01.429003,8143.5,450,BUY
2017-01-04D11:06:08.291037,8145.7,450,BUY
2017-01-04D11:08:34.862476,8114.2,450,SELL
2017-01-04D11:08:34.862476,8114.1,2000,SELL
2017-01-04D11:08:34.862476,8113.9,2550,SELL
2017-01-04D11:08:38.760112,8113.9,450,SELL
2017-01-04D11:08:48.656817,8106.2,450,SELL
2017-01-04D11:08:49.310983,8095,20000,BUY
2017-01-04D11:08:49.310983,8095,19550,BUY
2017-01-04D11:10:54.748350,8110.5,20000,SELL
2017-01-04D11:11:13.732544,8108.1,20000,SELL
2017-01-04D11:11:45.961861,8108.2,2000,SELL
2017-01-04D11:11:45.961861,8106.6,18000,SELL
2017-01-04D11:12:02.556563,8106.3,20000,SELL
2017-01-04D11:13:03.388273,8114.9,20000,BUY
2017-01-04D11:13:41.937118,8117.4,2450,BUY
2017-01-04D11:13:41.937118,8117.5,5000,BUY
2017-01-04D11:13:48.909800,8130,50,BUY
2017-01-04D11:17:50.460790,8138.4,3000,BUY
2017-01-04D11:17:50.460790,8139.8,2000,BUY
2017-01-04D11:19:05.143096,8144.3,2000,BUY
2017-01-04D11:19:05.143096,8144.4,450,BUY
2017-01-04D11:19:39.882228,8165.2,2000,BUY
2017-01-04D11:19:39.882228,8165.4,3000,BUY
2017-01-04D11:19:39.882228,8166.5,450,BUY
2017-01-04D11:20:19.631769,8188,100,BUY
2017-01-04D11:20:49.599808,8165.3,10000,BUY
2017-01-04D11:21:04.137234,8164.3,10000,BUY
2017-01-04D11:21:26.680433,8161,10000,BUY
2017-01-04D11:22:02.709729,8170.2,20000,SELL
2017-01-04D11:23:18.339919,8188,400,BUY
2017-01-04D11:25:02.948104,8178.8,20000,SELL
2017-01-04D11:27:30.000464,8157.4,450,SELL
2017-01-04D11:27:30.000464,8157.3,20000,SELL
2017-01-04D11:28:00.247280,8143.5,450,SELL
2017-01-04D11:28:00.247280,8139.9,2000,SELL
2017-01-04D11:28:00.247280,8138.2,7550,SELL
2017-01-04D11:28:58.249692,8154.2,2450,SELL
2017-01-04D11:30:04.288616,8150,1400,SELL
2017-01-04D11:30:41.491596,8143,2000,BUY
2017-01-04D11:31:08.025251,8140,450,SELL
2017-01-04D11:31:08.025251,8136.2,2000,SELL
2017-01-04D11:31:08.025251,8136.1,2550,SELL
2017-01-04D11:31:19.339299,8135.8,5000,SELL
2017-01-04D11:31:51.922565,8139.7,2000,SELL
2017-01-04D11:32:27.622539,8132,2000,SELL
2017-01-04D11:32:37.235333,8126.8,20000,SELL
2017-01-04D11:33:33.520666,8139.7,2000,SELL
2017-01-04D11:37:55.200162,8139.8,2000,SELL
2017-01-04D11:37:55.200162,8139.8,9350,SELL
2017-01-04D11:38:14.308204,8120,12,SELL
2017-01-04D11:38:25.370992,8124.1,2000,SELL
2017-01-04D11:38:25.370992,8120,988,SELL
2017-01-04D11:38:25.370992,8118.7,2012,SELL
2017-01-04D11:38:39.739023,8127.3,16000,BUY
2017-01-04D11:39:40.889306,8118.7,2988,SELL
2017-01-04D11:39:40.889306,8105.8,2012,SELL
2017-01-04D11:40:46.709658,8120,4020,BUY
2017-01-04D11:44:54.519721,8111.8,5000,SELL
2017-01-04D11:45:40.777157,8121.1,20000,SELL
2017-01-04D11:46:23.218274,8104.1,10000,SELL
2017-01-04D11:50:31.606802,8133.6,3000,BUY
2017-01-04D11:50:37.735907,8141,8000,BUY
2017-01-04D11:55:55.992269,8160,450,BUY
2017-01-04D11:55:55.992269,8160.1,5000,BUY
2017-01-04D11:55:55.992269,8169.3,14550,BUY
2017-01-04D11:57:54.507124,8149.6,16000,SELL
2017-01-04D11:57:54.507124,8145.8,450,SELL
2017-01-04D11:57:54.507124,8131.5,3000,SELL
2017-01-04D11:57:59.543648,8124.9,2000,SELL
2017-01-04D11:58:06.502114,8122.5,450,SELL
2017-01-04D11:58:59.199977,8135.9,2000,BUY
2017-01-04D11:58:59.199977,8137.5,2020,BUY
2017-01-04D12:01:31.363443,8114.7,2000,SELL
2017-01-04D12:01:31.363443,8114.6,450,SELL
2017-01-04D12:17:41.321913,8143.1,3000,BUY
2017-01-04D12:17:41.321913,8144.4,450,BUY
2017-01-04D12:17:41.321913,8149.4,20000,BUY
2017-01-04D12:17:41.321913,8157.4,11550,BUY
2017-01-04D12:22:07.360155,8164,2000,BUY
2017-01-04D12:22:07.360155,8164.2,3000,BUY
2017-01-04D12:22:07.360155,8165,15000,BUY
2017-01-04D12:22:37.544133,8169,2000,BUY
2017-01-04D12:22:37.544133,8169.1,3000,BUY
2017-01-04D12:24:20.962601,8176,4000,BUY
2017-01-04D12:24:37.618200,8179,5000,BUY
2017-01-04D12:25:00.054300,8177.9,20000,BUY
2017-01-04D12:25:00.054300,8180,1000,BUY
2017-01-04D12:25:00.054300,8180.5,450,BUY
2017-01-04D12:25:00.054300,8185,6000,BUY
2017-01-04D12:25:47.965112,8171.3,7000,SELL
2017-01-04D12:30:31.716741,8160.1,1000,SELL
2017-01-04D12:30:41.707151,8160.1,2000,SELL
2017-01-04D12:30:46.445486,8160,3440,SELL
2017-01-04D12:30:48.591631,8146.9,1000,SELL
2017-01-04D12:30:51.393363,8146.9,1000,SELL
2017-01-04D12:30:53.654349,8146.9,1000,SELL
2017-01-04D12:30:54.821296,8146.9,1000,SELL
2017-01-04D12:35:47.634256,8148,5000,SELL
2017-01-04D12:35:55.009482,8146.9,1000,SELL
2017-01-04D12:37:04.130143,8140.9,100,SELL
2017-01-04D12:38:51.569263,8162.9,100,BUY
2017-01-04D12:41:14.335157,8186.1,3000,BUY
2017-01-04D12:41:15.942825,8196.5,5000,BUY
2017-01-04D12:41:30.060244,8196.5,3000,BUY
2017-01-04D12:41:30.060244,8200,100,BUY
2017-01-04D12:41:30.060244,8200.4,450,BUY
2017-01-04D12:41:30.060244,8208.3,20000,BUY
2017-01-04D12:41:30.060244,8215.8,3900,BUY
2017-01-04D12:41:32.330716,8206.2,1880,BUY
2017-01-04D12:44:01.604945,8217.6,1000,BUY
2017-01-04D12:44:08.166038,8217.3,450,BUY
2017-01-04D12:44:08.166038,8217.6,550,BUY
2017-01-04D12:44:09.533813,8217.6,1000,BUY
2017-01-04D12:44:10.721238,8214.9,1000,BUY
2017-01-04D12:44:13.390709,8214.8,1000,BUY
2017-01-04D12:44:20.725614,8212.5,1,BUY
2017-01-04D12:47:54.903601,8210.8,1000,SELL
2017-01-04D12:47:54.903601,8209.8,4000,SELL
2017-01-04D12:50:37.478514,8217.7,3000,BUY
2017-01-04D12:53:21.983485,8226.9,1,SELL
2017-01-04D12:53:25.034040,8240.7,450,BUY
2017-01-04D12:53:25.034040,8242.1,15290,BUY
2017-01-04D12:54:07.068201,8225.8,5000,SELL
2017-01-04D12:54:16.851409,8217.1,5000,SELL
