2017-01-01D00:01:18.373306,1014,2000,SELL
2017-01-01D00:01:18.373306,1013.54,3500,SELL
2017-01-01D00:01:34.634819,1013.54,5500,SELL
2017-01-01D00:01:51.522702,1013.54,200,SELL
2017-01-01D00:02:10.296778,1013.54,15800,SELL
2017-01-01D00:02:43.373810,1012.48,500,SELL
2017-01-01D00:02:43.373810,1012.47,6500,SELL
2017-01-01D00:22:38.897163,1013,5000,BUY
2017-01-01D00:34:36.851067,1013,20000,BUY
2017-01-01D00:36:15.182907,1013.55,2000,BUY
2017-01-01D00:37:57.087205,1013.55,14000,BUY
2017-01-01D00:51:10.866431,1013.85,500,BUY
2017-01-01D00:51:10.866431,1013.86,500,BUY
2017-01-01D00:53:50.152551,1014.26,1000,BUY
2017-01-01D00:55:54.396001,1015.08,3000,BUY
2017-01-01D01:08:45.600055,1014,1000,SELL
2017-01-01D01:13:16.908292,1013.78,3000,BUY
2017-01-01D01:13:16.908292,1013.79,7000,BUY
2017-01-01D01:23:41.671096,1012.23,500,SELL
2017-01-01D01:23:41.671096,1012.22,3000,SELL
2017-01-01D01:23:41.671096,1012.2,4000,SELL
2017-01-01D01:41:59.497917,1011.02,2335,SELL
2017-01-01D01:42:00.151965,1010.76,2000,SELL
2017-01-01D01:42:00.151965,1010.38,500,SELL
2017-01-01D01:42:00.151965,1008.91,3500,SELL
2017-01-01D01:42:05.123763,1009.02,500,SELL
2017-01-01D01:42:05.123763,1008.88,5500,SELL
2017-01-01D01:44:38.400672,1010,1000,SELL
2017-01-01D01:44:43.772615,1010,1000,SELL
2017-01-01D01:48:57.344960,1009.09,1000,SELL
2017-01-01D01:51:01.975591,1009.23,3000,SELL
2017-01-01D01:51:21.991959,1009.2,2000,SELL
2017-01-01D02:06:49.002590,1011.49,2000,BUY
2017-01-01D02:06:49.002590,1011.87,500,BUY
2017-01-01D02:06:49.002590,1012.37,1000,BUY
2017-01-01D02:07:00.765462,1012.45,3500,BUY
2017-01-01D02:07:04.742849,1012.43,3500,BUY
2017-01-01D02:07:10.732631,1012.38,3500,BUY
2017-01-01D02:08:40.406665,1012.73,25000,BUY
2017-01-01D02:22:32.138417,1012.1,2050,SELL
2017-01-01D02:34:42.158543,1011.5,200,SELL
2017-01-01D02:35:40.440268,1010.5,3850,SELL
2017-01-01D02:35:40.440268,1010.33,3150,SELL
2017-01-01D02:35:45.723784,1010.33,3850,SELL
2017-01-01D02:35:56.549295,1009.83,2000,SELL
2017-01-01D02:35:56.549295,1009.32,500,SELL
2017-01-01D02:35:56.549295,1009.08,650,SELL
2017-01-01D02:40:48.643121,1010,103,SELL
2017-01-01D02:44:22.434147,1010,5,SELL
2017-01-01D02:48:16.904136,1010,392,SELL
2017-01-01D02:56:36.312371,1010,6000,BUY
2017-01-01D02:58:16.036541,1009.78,25000,BUY
2017-01-01D03:02:59.236005,1010.99,500,BUY
2017-01-01D03:02:59.236005,1010.99,500,BUY
2017-01-01D03:03:29.338046,1010.9,6000,BUY
2017-01-01D03:03:50.850631,1011.05,2000,BUY
2017-01-01D03:08:56.003685,1010.62,500,BUY
2017-01-01D03:18:01.077676,1010.51,1,BUY
2017-01-01D03:38:07.796606,1010.3,25000,BUY
2017-01-01D03:39:38.822732,1010.31,25000,BUY
2017-01-01D03:41:31.467711,1010,1,SELL
2017-01-01D03:55:16.716967,1010,999,SELL
2017-01-01D03:58:14.352362,1009,25000,SELL
2017-01-01D03:59:07.362048,1009.46,1,BUY
2017-01-01D04:00:30.777883,1009.68,1,BUY
2017-01-01D04:03:10.805328,1009,1000,SELL
2017-01-01D04:03:15.827970,1009,1000,SELL
2017-01-01D04:03:34.477336,1009,17500,SELL
2017-01-01D04:03:52.030129,1009,25000,SELL
2017-01-01D04:04:12.857807,1009,25000,SELL
2017-01-01D04:04:59.656092,1009,5500,SELL
2017-01-01D04:05:07.825407,1009.01,1,BUY
2017-01-01D04:29:06.952085,1007.43,25000,SELL
2017-01-01D04:29:06.952085,1007,6500,SELL
2017-01-01D04:45:39.349156,1007.7,5000,SELL
2017-01-01D04:45:42.808948,1009,500,BUY
2017-01-01D04:45:42.808948,1009.01,2000,BUY
2017-01-01D04:45:44.749226,1009.01,2500,BUY
2017-01-01D04:45:46.910311,1009.01,2500,BUY
2017-01-01D04:45:48.317676,1009.01,499,BUY
2017-01-01D04:45:48.317676,1009.55,2001,BUY
2017-01-01D04:45:49.645618,1009.58,2500,BUY
2017-01-01D04:45:51.331885,1009.58,2500,BUY
2017-01-01D04:56:15.833404,1011.17,500,BUY
2017-01-01D04:56:15.833404,1011.18,4500,BUY
2017-01-01D04:59:07.214909,1010.97,2500,BUY
2017-01-01D05:48:39.705418,1009.32,500,SELL
2017-01-01D05:48:56.318230,1009.31,1500,SELL
2017-01-01D06:03:09.629312,1009.29,16400,SELL
2017-01-01D06:06:49.765119,1010.53,500,BUY
2017-01-01D06:06:49.765119,1010.54,7540,BUY
2017-01-01D06:21:18.858153,1010,400,SELL
2017-01-01D06:21:18.858153,1009.08,500,SELL
2017-01-01D06:21:18.858153,1009.07,14100,SELL
2017-01-01D06:27:32.804884,1010.25,25000,SELL
2017-01-01D06:35:58.658442,1011.92,2000,BUY
2017-01-01D06:35:58.658442,1012.27,500,BUY
2017-01-01D06:35:58.658442,1012.59,2500,BUY
2017-01-01D06:36:08.236380,1012.95,4000,BUY
2017-01-01D06:36:11.433421,1013,1000,BUY
2017-01-01D06:36:47.124532,1013.23,4000,BUY
2017-01-01D06:37:02.050831,1013.54,500,BUY
2017-01-01D06:37:40.049657,1013.58,25000,BUY
2017-01-01D06:37:50.652129,1013.72,500,BUY
2017-01-01D06:37:50.652129,1013.73,24500,BUY
2017-01-01D06:38:16.402556,1013.79,25000,BUY
2017-01-01D06:38:41.428312,1014.86,2000,BUY
2017-01-01D06:39:31.341181,1015.3,25000,BUY
2017-01-01D06:40:53.786775,1015.5,15000,BUY
2017-01-01D06:41:26.412852,1015.5,10000,BUY
2017-01-01D06:42:29.861854,1015.99,500,BUY
2017-01-01D06:42:32.170375,1016,56561,BUY
2017-01-01D06:42:34.487283,1016,2000,SELL
2017-01-01D06:42:54.636683,1016.69,500,BUY
2017-01-01D06:42:59.258861,1016.7,2000,BUY
2017-01-01D06:49:30.352312,1017,500,BUY
2017-01-01D06:55:24.109817,1014.3,4500,SELL
2017-01-01D06:55:24.109817,1014.17,500,SELL
2017-01-01D06:57:36.310477,1016.98,500,BUY
2017-01-01D06:59:26.681014,1017,5000,BUY
2017-01-01D07:15:50.951012,1015,700,SELL
2017-01-01D08:08:50.186198,1013.75,100,SELL
2017-01-01D08:08:50.186198,1013.58,1200,SELL
2017-01-01D09:01:08.897005,1016.89,500,BUY
2017-01-01D09:01:08.897005,1016.9,5000,BUY
2017-01-01D09:27:10.331967,1015.5,10000,BUY
2017-01-01D09:36:12.907599,1015.5,1300,BUY
2017-01-01D09:43:31.033690,1014.71,500,SELL
2017-01-01D09:45:54.927672,1014.2,500,SELL
2017-01-01D09:45:54.927672,1014.19,953,SELL
2017-01-01D09:48:24.351446,1013.58,100,SELL
2017-01-01D09:51:44.166236,1013.58,21747,SELL
2017-01-01D10:06:36.466859,1017.56,500,BUY
2017-01-01D10:06:36.466859,1017.57,2000,BUY
2017-01-01D10:06:36.466859,1018.7,2000,BUY
2017-01-01D10:06:39.080435,1019.75,500,BUY
2017-01-01D10:06:39.080435,1020.1,1419,BUY
2017-01-01D10:06:50.151278,1021.99,500,BUY
2017-01-01D10:06:50.151278,1022,10000,BUY
2017-01-01D10:06:50.151278,1023,700,BUY
2017-01-01D10:06:50.151278,1024,3800,BUY
2017-01-01D10:06:55.172282,1023.43,500,BUY
2017-01-01D10:06:55.172282,1024,2500,BUY
2017-01-01D10:07:07.510588,1023.99,500,BUY
2017-01-01D10:07:07.510588,1024,3700,BUY
2017-01-01D10:07:07.510588,1024.22,2000,BUY
2017-01-01D10:07:20.918711,1024.7,1250,BUY
2017-01-01D10:07:36.654440,1024.7,750,BUY
2017-01-01D10:07:36.654440,1024.87,500,BUY
2017-01-01D10:07:36.654440,1026,10000,BUY
2017-01-01D10:07:38.022936,1026.57,50000,SELL
2017-01-01D10:07:38.877249,1026.57,50000,SELL
2017-01-01D10:07:39.748772,1026.57,29567,SELL
2017-01-01D10:07:40.181723,1026.69,500,BUY
2017-01-01D10:07:40.181723,1026.7,500,BUY
2017-01-01D10:07:40.997409,1026.57,5483,SELL
2017-01-01D10:07:45.553122,1022.47,500,SELL
2017-01-01D10:07:45.553122,1021.63,2000,SELL
2017-01-01D10:07:45.553122,1021.51,7500,SELL
2017-01-01D10:08:43.530757,1026.69,300,BUY
2017-01-01D10:09:20.566352,1026.5,380,BUY
2017-01-01D10:10:00.017840,1026.5,380,BUY
2017-01-01D10:12:17.994265,1025.99,1000,BUY
2017-01-01D10:15:42.241132,1026.49,3000,BUY
2017-01-01D10:15:42.241132,1026.5,22000,BUY
2017-01-01D10:15:52.279493,1026.5,2240,BUY
2017-01-01D10:15:54.818909,1026.7,1500,BUY
2017-01-01D10:16:22.313896,1026.77,1419,BUY
2017-01-01D10:16:22.313896,1027,2000,BUY
2017-01-01D10:16:22.313896,1027.9,750,BUY
2017-01-01D10:16:22.313896,1028.32,25000,BUY
2017-01-01D10:16:22.313896,1028.54,500,BUY
2017-01-01D10:16:22.313896,1029.28,25000,BUY
2017-01-01D10:16:22.313896,1030.45,25000,BUY
2017-01-01D10:16:22.313896,1030.99,5331,BUY
2017-01-01D10:17:20.649542,1027.19,3000,SELL
2017-01-01D10:17:20.649542,1027.18,4000,SELL
2017-01-01D10:22:30.571377,1027.01,500,SELL
2017-01-01D10:22:30.571377,1027,3000,SELL
2017-01-01D10:27:24.489137,1026.32,5000,SELL
2017-01-01D10:33:08.084930,1026.07,500,SELL
2017-01-01D10:33:08.084930,1026.06,5000,SELL
2017-01-01D10:33:08.084930,1025.66,2000,SELL
2017-01-01D10:33:08.084930,1025,750,SELL
2017-01-01D10:33:08.084930,1025,6000,SELL
2017-01-01D10:33:08.084930,1023.67,500,SELL
2017-01-01D10:33:08.084930,1023,6000,SELL
2017-01-01D10:33:08.084930,1022.28,2500,SELL
2017-01-01D10:33:08.084930,1022.07,25000,SELL
2017-01-01D10:33:08.084930,1021.41,12202,SELL
2017-01-01D10:33:08.084930,1021.32,500,SELL
2017-01-01D10:33:08.084930,1021.02,24048,SELL
2017-01-01D10:33:15.896603,1021.86,500,SELL
2017-01-01D10:33:15.896603,1021.18,25000,SELL
2017-01-01D10:33:15.896603,1020.13,25000,SELL
2017-01-01D10:33:15.896603,1019.82,11507,SELL
2017-01-01D10:33:15.896603,1019.57,2000,SELL
2017-01-01D10:33:15.896603,1019.52,500,SELL
2017-01-01D10:33:15.896603,1019.07,20493,SELL
2017-01-01D10:33:39.552579,1020.57,500,SELL
2017-01-01D10:33:39.552579,1020.56,9500,SELL
2017-01-01D10:39:56.799817,1024.07,10000,BUY
2017-01-01D10:41:09.970733,1025.13,500,BUY
2017-01-01D10:41:09.970733,1025.14,25000,BUY
2017-01-01D10:41:09.970733,1025.28,2000,BUY
2017-01-01D10:41:09.970733,1026.08,25000,BUY
2017-01-01D10:41:09.970733,1026.99,10000,BUY
2017-01-01D10:41:09.970733,1027.02,22500,BUY
2017-01-01D10:41:38.723779,1026.13,500,BUY
2017-01-01D10:41:38.723779,1026.14,5500,BUY
2017-01-01D10:41:41.740166,1028,420,BUY
2017-01-01D10:41:44.323282,1027.99,500,BUY
2017-01-01D10:41:44.323282,1028,9500,BUY
2017-01-01D10:43:55.584734,1025.01,500,SELL
2017-01-01D10:43:55.584734,1025,2000,SELL
2017-01-01D10:45:31.939886,1026.01,500,SELL
2017-01-01D10:45:31.939886,1026,500,SELL
2017-01-01D10:47:54.216282,1028,80,BUY
2017-01-01D10:47:54.216282,1028.57,3000,BUY
2017-01-01D10:47:54.216282,1028.59,500,BUY
2017-01-01D10:47:54.216282,1028.77,25000,BUY
2017-01-01D10:47:54.216282,1029,920,BUY
2017-01-01D10:48:54.004314,1028.82,500,BUY
2017-01-01D10:48:54.004314,1028.83,3000,BUY
2017-01-01D10:48:54.004314,1029,9080,BUY
2017-01-01D10:49:15.549294,1029.31,500,BUY
2017-01-01D10:49:15.549294,1029.32,2000,BUY
2017-01-01D10:49:15.549294,1029.83,500,BUY
2017-01-01D10:49:17.987836,1029.83,24500,BUY
2017-01-01D10:49:31.697701,1030,25500,SELL
2017-01-01D10:51:01.532662,1029.91,500,BUY
2017-01-01D10:51:01.532662,1029.92,3000,BUY
2017-01-01D10:51:01.532662,1030,24500,BUY
2017-01-01D10:53:10.595525,1030.99,250,BUY
2017-01-01D10:56:12.755803,1030.99,12419,BUY
2017-01-01D10:56:12.755803,1031.7,2000,BUY
2017-01-01D10:56:33.058863,1032,10581,SELL
2017-01-01D10:57:36.670168,1031.49,3000,BUY
2017-01-01D10:57:36.670168,1031.5,14419,BUY
2017-01-01D10:57:46.888612,1032.14,2000,BUY
2017-01-01D10:57:46.888612,1033,10000,BUY
2017-01-01D10:57:58.396566,1033.29,1000,BUY
2017-01-01D10:58:07.966716,1033.29,49000,BUY
2017-01-01D10:58:07.966716,1033.68,500,BUY
2017-01-01D10:58:07.966716,1033.7,2000,BUY
2017-01-01D10:58:07.966716,1034,1000,BUY
2017-01-01D10:58:07.966716,1034,20000,BUY
2017-01-01D11:00:39.728069,1032.19,200,SELL
2017-01-01D11:01:17.436535,1034.52,10,BUY
2017-01-01D11:01:17.436535,1034.99,190,BUY
2017-01-01D11:01:41.647828,1034,50000,BUY
2017-01-01D11:01:41.647828,1035.42,500,BUY
2017-01-01D11:01:41.647828,1035.6,2000,BUY
2017-01-01D11:01:41.647828,1036.7,2000,BUY
2017-01-01D11:01:47.464726,1036.86,5000,SELL
2017-01-01D11:01:47.996824,1036.86,10516,SELL
2017-01-01D11:02:20.939882,1033.43,3000,SELL
2017-01-01D11:02:24.038389,1032.01,200,SELL
2017-01-01D11:02:25.687647,1032.01,200,SELL
2017-01-01D11:04:08.172683,1031.73,500,SELL
2017-01-01D11:04:08.172683,1031.72,500,SELL
2017-01-01D11:04:36.314049,1031.69,3000,SELL
2017-01-01D11:04:36.314049,1031.68,2000,SELL
2017-01-01D11:10:53.165763,1030.01,3000,SELL
2017-01-01D11:13:05.609637,1033.02,3000,SELL
2017-01-01D11:13:05.609637,1033,7000,SELL
2017-01-01D11:13:10.736048,1034.03,500,BUY
2017-01-01D11:13:10.736048,1034.04,3000,BUY
2017-01-01D11:13:10.736048,1034.4,2000,BUY
2017-01-01D11:13:10.736048,1036,750,BUY
2017-01-01D11:13:10.736048,1036.43,11790,BUY
2017-01-01D11:13:12.482504,1033.01,3000,SELL
2017-01-01D11:13:13.480185,1033,10000,SELL
2017-01-01D11:13:20.371069,1033,33001,SELL
2017-01-01D11:13:22.316670,1030.01,500,SELL
2017-01-01D11:13:22.316670,1030,4501,SELL
2017-01-01D11:17:02.820292,1031.01,3000,SELL
2017-01-01D11:17:02.820292,1031,2001,SELL
2017-01-01D11:17:11.523830,1031,10000,SELL
2017-01-01D11:17:20.184543,1031,4998,SELL
2017-01-01D11:17:38.675717,1031.01,1000,SELL
2017-01-01D11:18:15.997245,1033.69,1000,BUY
2017-01-01D11:20:28.256223,1033.91,500,BUY
2017-01-01D11:20:28.256223,1033.92,3000,BUY
2017-01-01D11:20:28.256223,1034,21500,BUY
2017-01-01D11:22:31.554030,1034,1000,BUY
2017-01-01D11:23:42.615715,1034,100,BUY
2017-01-01D11:29:29.591133,1034,2500,SELL
2017-01-01D11:29:51.884166,1034,2500,SELL
2017-01-01D11:30:01.396542,1034,2500,SELL
2017-01-01D11:30:10.810291,1034,2500,SELL
2017-01-01D11:46:54.294933,1034,97,SELL
2017-01-01D11:47:28.240337,1035.31,750,BUY
2017-01-01D11:47:35.069679,1035.31,250,BUY
2017-01-01D11:55:14.509236,1034,3000,SELL
2017-01-01D11:55:14.509236,1033.99,1000,SELL
2017-01-01D11:57:24.461227,1031.01,500,SELL
2017-01-01D11:57:24.461227,1031,5500,SELL
2017-01-01D11:57:47.085927,1031.01,500,SELL
2017-01-01D12:01:05.585609,1034.45,500,BUY
2017-01-01D12:01:05.585609,1034.46,500,BUY
2017-01-01D12:02:10.246731,1031.01,500,SELL
2017-01-01D12:02:10.246731,1031,11500,SELL
2017-01-01D12:17:39.576159,1031.1,3000,SELL
2017-01-01D12:21:22.103027,1031.1,1800,SELL
2017-01-01D12:21:56.977695,1031.1,1900,SELL
2017-01-01D12:25:20.806615,1031.1,3300,SELL
2017-01-01D12:25:20.806615,1031,3950,SELL
2017-01-01D12:28:36.799769,1031,1000,SELL
2017-01-01D12:28:44.439921,1031,1000,SELL
2017-01-01D12:28:57.980113,1031,10000,SELL
2017-01-01D12:29:43.312383,1031.64,100,BUY
2017-01-01D12:34:42.681630,1032.14,500,BUY
2017-01-01D12:34:42.681630,1032.15,2500,BUY
2017-01-01D12:38:31.624380,1033.45,100,BUY
2017-01-01D12:38:35.529177,1031.53,100,SELL
2017-01-01D12:39:11.441524,1031.53,1250,SELL
2017-01-01D12:40:52.331417,1031,52,SELL
2017-01-01D12:40:52.331417,1030.02,948,SELL
2017-01-01D12:41:46.045392,1030.01,1000,SELL
2017-01-01D12:45:29.116603,1029.5,100,SELL
2017-01-01D12:47:32.374027,1029.8,500,BUY
2017-01-01D12:47:32.374027,1029.81,1500,BUY
2017-01-01D12:55:57.063100,1029.31,2300,SELL
2017-01-01D12:58:46.380290,1031.36,3000,BUY
2017-01-01D12:58:46.380290,1031.37,500,BUY
2017-01-01D12:58:46.380290,1033.37,200,BUY
2017-01-01D12:58:46.380290,1033.65,500,BUY
2017-01-01D12:58:46.380290,1035.3,2800,BUY
2017-01-01D13:00:50.638357,1034.14,200,BUY
2017-01-01D13:00:50.638357,1034.18,1700,BUY
2017-01-01D13:09:27.952704,1031.03,500,SELL
2017-01-01D13:09:27.952704,1031.02,2000,SELL
2017-01-01D13:19:56.543829,1029.32,13,SELL
2017-01-01D13:22:09.018801,1031.62,1000,BUY
2017-01-01D13:22:36.507619,1029.75,500,SELL
2017-01-01D13:22:36.507619,1029.74,3000,SELL
2017-01-01D13:23:10.984730,1029.27,500,SELL
2017-01-01D13:23:10.984730,1029.26,1000,SELL
2017-01-01D13:25:33.286695,1029.27,3000,SELL
2017-01-01D13:26:09.131681,1029.25,700,SELL
2017-01-01D13:26:37.926632,1028.75,500,SELL
2017-01-01D13:26:37.926632,1028.74,2000,SELL
2017-01-01D13:26:37.926632,1027.91,3170,SELL
2017-01-01D13:26:37.926632,1026.5,500,SELL
2017-01-01D13:26:37.926632,1025.03,1000,SELL
2017-01-01D13:26:37.926632,1025,7830,SELL
2017-01-01D13:28:29.643375,1027.99,3000,BUY
2017-01-01D13:28:34.905386,1028,1500,BUY
2017-01-01D13:28:49.640502,1031.16,500,BUY
2017-01-01D13:36:54.500642,1027.73,3000,SELL
2017-01-01D13:36:54.500642,1027.71,500,SELL
2017-01-01D13:36:54.500642,1027.5,6800,SELL
2017-01-01D13:36:54.500642,1025.9,14700,SELL
2017-01-01D13:37:18.503458,1030.73,1,BUY
2017-01-01D13:44:58.545712,1028.98,3000,BUY
2017-01-01D13:44:58.545712,1029,2000,BUY
2017-01-01D13:45:22.636951,1028.99,3000,BUY
2017-01-01D13:45:22.636951,1029,2000,BUY
2017-01-01D13:46:12.206361,1029,5000,BUY
2017-01-01D13:54:15.042792,1030.99,3000,BUY
2017-01-01D13:57:36.881290,1029.17,1399,SELL
2017-01-01D14:04:39.865714,1030.99,1,BUY
2017-01-01D14:25:21.316683,1029.18,3000,SELL
2017-01-01D14:25:21.316683,1029.16,5000,SELL
2017-01-01D14:25:21.316683,1029.02,500,SELL
2017-01-01D14:30:05.170967,1027.81,12,SELL
2017-01-01D14:35:42.876410,1027.81,1,SELL
2017-01-01D14:59:46.888321,1031.4,3000,BUY
2017-01-01D14:59:46.888321,1031.48,5500,BUY
2017-01-01D15:00:03.529051,1031.77,710,BUY
2017-01-01D15:00:10.757332,1031.9,2000,BUY
2017-01-01D15:01:06.350335,1032.95,3000,BUY
2017-01-01D15:01:06.350335,1032.97,500,BUY
2017-01-01D15:01:06.350335,1033.2,710,BUY
2017-01-01D15:04:45.461209,1035.11,500,BUY
2017-01-01D15:04:45.461209,1035.12,500,BUY
2017-01-01D15:04:50.170239,1035.12,1000,BUY
2017-01-01D15:07:30.624325,1035.12,500,BUY
2017-01-01D15:07:59.861250,1032.52,200,SELL
2017-01-01D15:08:00.539366,1032.52,200,SELL
2017-01-01D15:08:03.130524,1032.52,100,SELL
2017-01-01D15:08:03.130524,1031.7,100,SELL
2017-01-01D15:13:40.498481,1031.7,200,SELL
2017-01-01D15:13:44.529740,1031.7,200,SELL
2017-01-01D15:13:54.955706,1031.7,200,SELL
2017-01-01D15:13:56.360191,1031.7,200,SELL
2017-01-01D15:13:58.568077,1031.7,200,SELL
2017-01-01D15:14:37.633879,1031.69,710,SELL
2017-01-01D15:41:36.778230,1032.2,3000,SELL
2017-01-01D15:42:58.076871,1031.88,500,SELL
2017-01-01D15:42:58.076871,1031.87,2500,SELL
2017-01-01D15:52:19.106474,1034.11,500,BUY
2017-01-01D15:52:19.106474,1034.12,2500,BUY
2017-01-01D15:54:27.403340,1035.12,500,BUY
2017-01-01D15:54:27.403340,1035.13,1500,BUY
2017-01-01D15:57:41.520559,1037,1000,BUY
2017-01-01D15:57:43.906238,1037.46,1000,BUY
2017-01-01D15:57:44.591811,1037.46,1000,BUY
2017-01-01D15:57:45.143637,1038,710,BUY
2017-01-01D15:57:45.143637,1038.24,290,BUY
2017-01-01D15:57:57.708714,1038.38,200,BUY
2017-01-01D15:57:57.708714,1038.7,800,BUY
2017-01-01D15:58:16.465992,1038.7,1000,BUY
2017-01-01D16:00:56.712332,1038.7,200,BUY
2017-01-01D16:00:56.712332,1038.9,2000,BUY
2017-01-01D16:00:56.712332,1040,500,BUY
2017-01-01D16:00:56.712332,1040.28,2000,BUY
2017-01-01D16:00:56.712332,1041.11,22,BUY
2017-01-01D16:00:56.712332,1041.62,8878,BUY
2017-01-01D16:01:00.155512,1041.62,1000,BUY
2017-01-01D16:01:07.290376,1041.62,8162,BUY
2017-01-01D16:01:07.290376,1041.86,20,BUY
2017-01-01D16:01:07.290376,1042,1000,BUY
2017-01-01D16:01:17.974966,1042.01,100,SELL
2017-01-01D16:01:20.675273,1042.01,100,SELL
2017-01-01D16:01:31.733230,1042.7,200,BUY
2017-01-01D16:01:31.733230,1043.11,20,BUY
2017-01-01D16:01:31.733230,1043.42,500,BUY
2017-01-01D16:01:31.733230,1043.95,2000,BUY
2017-01-01D16:01:31.733230,1044.7,2000,BUY
2017-01-01D16:01:31.733230,1045.69,500,BUY
2017-01-01D16:01:31.733230,1045.86,22,BUY
2017-01-01D16:01:31.733230,1047.27,15000,BUY
2017-01-01D16:01:31.733230,1047.4,2500,BUY
2017-01-01D16:01:31.733230,1047.7,2000,BUY
2017-01-01D16:01:31.733230,1047.98,500,BUY
2017-01-01D16:01:31.733230,1048,710,BUY
2017-01-01D16:01:31.733230,1050,10000,BUY
2017-01-01D16:01:31.733230,1050,10000,BUY
2017-01-01D16:01:31.733230,1050,30,BUY
2017-01-01D16:01:31.733230,1050,11000,BUY
2017-01-01D16:01:31.733230,1050.21,500,BUY
2017-01-01D16:01:31.733230,1050.86,3000,BUY
2017-01-01D16:01:31.733230,1052.72,500,BUY
2017-01-01D16:01:31.733230,1053,710,BUY
2017-01-01D16:01:32.187606,1054.39,100,SELL
2017-01-01D16:01:32.528017,1054.39,500,SELL
2017-01-01D16:01:32.744300,1054.39,200,SELL
2017-01-01D16:01:33.057446,1054.4,200,SELL
2017-01-01D16:01:33.136176,1054.4,2800,SELL
2017-01-01D16:01:33.136176,1054.39,12200,SELL
2017-01-01D16:01:34.647314,1054.39,25308,SELL
2017-01-01D16:01:59.953995,1043.59,200,SELL
2017-01-01D16:03:17.034735,1048.13,500,BUY
2017-01-01D16:03:17.034735,1048.14,400,BUY
2017-01-01D16:03:24.962852,1049.3,200,BUY
2017-01-01D16:03:35.447830,1045.09,500,SELL
2017-01-01D16:03:42.800694,1044.93,500,SELL
2017-01-01D16:03:42.800694,1044.12,500,SELL
2017-01-01D16:04:15.602570,1043.58,2000,SELL
2017-01-01D16:04:15.602570,1043.42,500,SELL
2017-01-01D16:04:24.221650,1042.98,800,BUY
2017-01-01D16:04:55.875740,1043,200,BUY
2017-01-01D16:04:58.385940,1042.99,200,BUY
2017-01-01D16:04:59.550591,1042.99,500,BUY
2017-01-01D16:05:00.766807,1043,2000,BUY
2017-01-01D16:05:05.922657,1043,5300,BUY
2017-01-01D16:05:05.922657,1045.32,2000,BUY
2017-01-01D16:05:05.922657,1047.96,500,BUY
2017-01-01D16:05:05.922657,1048,1000,BUY
2017-01-01D16:05:05.922657,1048.77,2500,BUY
2017-01-01D16:05:05.922657,1050,8700,BUY
2017-01-01D16:05:07.442848,1050,100,BUY
2017-01-01D16:05:24.126932,1045.45,500,SELL
2017-01-01D16:05:27.709879,1049.24,1,BUY
2017-01-01D16:05:31.622468,1044.45,2000,SELL
2017-01-01D16:05:31.622468,1044.3,500,SELL
2017-01-01D16:05:42.337841,1042.03,500,SELL
2017-01-01D16:05:42.337841,1042.02,3000,SELL
2017-01-01D16:05:42.337841,1039.69,1000,SELL
2017-01-01D16:05:42.485696,1042.99,500,BUY
2017-01-01D16:05:52.440784,1045.31,500,BUY
2017-01-01D16:07:02.325225,1044.99,500,BUY
2017-01-01D16:07:02.584280,1041.01,500,SELL
2017-01-01D16:07:02.584280,1041,5000,SELL
2017-01-01D16:07:02.584280,1040,20000,SELL
2017-01-01D16:09:03.227843,1040.01,500,SELL
2017-01-01D16:09:03.227843,1040,1500,SELL
2017-01-01D16:09:04.614913,1040,3500,SELL
2017-01-01D16:09:04.614913,1039.69,2000,SELL
2017-01-01D16:09:04.614913,1039.4,6349,SELL
2017-01-01D16:10:31.778494,1040.01,500,SELL
2017-01-01D16:10:31.778494,1040,1500,SELL
2017-01-01D16:10:41.360817,1039.99,1000,BUY
2017-01-01D16:10:50.263897,1039.99,1000,BUY
2017-01-01D16:10:58.019173,1039.98,3000,BUY
2017-01-01D16:10:58.019173,1040,8000,BUY
2017-01-01D16:10:58.019173,1042.14,500,BUY
2017-01-01D16:10:58.019173,1042.37,13500,BUY
2017-01-01D16:11:03.732224,1039.42,500,SELL
2017-01-01D16:11:03.732224,1039.41,2500,SELL
2017-01-01D16:11:11.538796,1039.4,1000,SELL
2017-01-01D16:11:13.599193,1039.39,1000,SELL
2017-01-01D16:11:14.979948,1039.39,1000,SELL
2017-01-01D16:11:17.480956,1039.4,1000,SELL
2017-01-01D16:11:28.509584,1039.4,1000,BUY
2017-01-01D16:11:35.188440,1041,1000,SELL
2017-01-01D16:12:01.856749,1039.39,840,SELL
2017-01-01D16:12:01.856749,1037.5,3370,SELL
2017-01-01D16:13:05.124203,1039,500,SELL
2017-01-01D16:13:59.494082,1039.99,1000,BUY
2017-01-01D16:14:30.780855,1039.99,1630,BUY
2017-01-01D16:15:06.892265,1039.99,3000,BUY
2017-01-01D16:15:17.600918,1040,1000,BUY
2017-01-01D16:15:40.186788,1039.99,3000,BUY
2017-01-01D16:15:40.186788,1040,2339,BUY
2017-01-01D16:16:25.289704,1038.5,500,SELL
2017-01-01D16:16:25.289704,1038,1000,SELL
2017-01-01D16:16:38.337598,1037.98,3000,BUY
2017-01-01D16:16:38.337598,1038,7000,BUY
2017-01-01D16:16:38.776382,1037.07,2000,SELL
2017-01-01D16:17:14.484102,1036,1000,SELL
2017-01-01D16:17:19.463375,1035.64,500,SELL
2017-01-01D16:18:15.293694,1037.83,500,BUY
2017-01-01D16:19:28.494879,1037.99,500,BUY
2017-01-01D16:19:28.494879,1038,1000,BUY
2017-01-01D16:20:41.316409,1039.99,20000,BUY
2017-01-01D16:20:43.855948,1040,20000,BUY
2017-01-01D16:20:49.332806,1040,500,BUY
2017-01-01D16:22:06.421054,1039,5,BUY
2017-01-01D16:22:51.547611,1039,7000,BUY
2017-01-01D16:23:18.353354,1038.26,495,SELL
2017-01-01D16:23:57.967353,1039,3000,BUY
2017-01-01D16:24:04.492151,1040,1161,BUY
2017-01-01D16:24:04.492151,1041,1339,BUY
2017-01-01D16:24:31.818143,1038.04,500,SELL
2017-01-01D16:24:31.818143,1038.03,500,SELL
2017-01-01D16:27:57.137408,1041,200,BUY
2017-01-01D16:28:11.391789,1041,5461,BUY
2017-01-01D16:28:11.391789,1041.43,500,BUY
2017-01-01D16:28:11.391789,1041.73,2000,BUY
2017-01-01D16:28:24.268565,1042.01,1000,SELL
2017-01-01D16:30:16.880479,1042.62,10,BUY
2017-01-01D16:30:16.880479,1043.9,1000,BUY
2017-01-01D16:30:16.880479,1044.62,10,BUY
2017-01-01D16:30:20.931283,1046.22,200,BUY
2017-01-01D16:30:28.633987,1046.23,200,BUY
2017-01-01D16:30:43.139173,1046,2000,BUY
2017-01-01D16:30:43.139173,1046.37,16,BUY
2017-01-01D16:30:43.139173,1047.17,500,BUY
2017-01-01D16:30:43.139173,1048,1000,BUY
2017-01-01D16:30:43.139173,1048.4,2000,BUY
2017-01-01D16:30:43.139173,1048.58,2000,BUY
2017-01-01D16:30:43.139173,1049.37,16,BUY
2017-01-01D16:30:43.139173,1049.58,500,BUY
2017-01-01D16:30:43.139173,1049.68,1968,BUY
2017-01-01D16:31:31.366888,1047.39,500,BUY
2017-01-01D16:31:41.833016,1049.73,500,BUY
2017-01-01D16:31:41.833016,1049.74,2000,BUY
2017-01-01D16:31:41.833016,1049.8,500,BUY
2017-01-01D16:31:41.833016,1051.12,15,BUY
2017-01-01D16:31:41.833016,1051.4,2000,BUY
2017-01-01D16:31:44.707646,1051.81,100,SELL
2017-01-01D16:31:47.397603,1051.81,100,SELL
2017-01-01D16:32:01.780267,1051.87,15,BUY
2017-01-01D16:32:01.780267,1051.99,500,BUY
2017-01-01D16:32:01.780267,1052,1000,BUY
2017-01-01D16:32:01.780267,1053,1500,BUY
2017-01-01D16:32:01.780267,1054.23,2000,BUY
2017-01-01D16:32:01.780267,1054.4,2000,BUY
2017-01-01D16:32:01.780267,1054.47,500,BUY
2017-01-01D16:32:07.295385,1054.67,57269,SELL
2017-01-01D16:32:36.896039,1054.66,500,BUY
2017-01-01D16:32:36.896039,1055.62,15,BUY
2017-01-01D16:32:36.896039,1057.07,500,BUY
2017-01-01D16:32:36.896039,1057.12,15,BUY
2017-01-01D16:32:36.896039,1057.36,970,BUY
2017-01-01D16:34:21.812769,1053.8,500,BUY
2017-01-01D16:34:32.323667,1050.33,500,SELL
2017-01-01D16:34:32.323667,1050.32,500,SELL
2017-01-01D16:36:38.134198,1052,500,BUY
2017-01-01D16:36:38.550055,1051.03,5000,SELL
2017-01-01D16:36:38.550055,1051.02,3000,SELL
2017-01-01D16:36:38.550055,1050.25,500,SELL
2017-01-01D16:36:38.550055,1049.45,1500,SELL
2017-01-01D16:36:51.629182,1051.99,1000,BUY
2017-01-01D16:36:53.717029,1052,500,BUY
2017-01-01D16:37:02.633385,1051.98,1000,BUY
2017-01-01D16:37:14.923351,1054.99,500,BUY
2017-01-01D16:37:14.923351,1055,1000,BUY
2017-01-01D16:37:14.923351,1056.6,2000,BUY
2017-01-01D16:37:14.923351,1057.4,2000,BUY
2017-01-01D16:37:14.923351,1057.48,500,BUY
2017-01-01D16:37:14.923351,1057.71,2500,BUY
2017-01-01D16:37:14.923351,1059.62,1500,BUY
2017-01-01D16:37:16.463151,1055.31,500,BUY
2017-01-01D16:37:23.925058,1058.29,500,BUY
2017-01-01D16:37:23.925058,1059.61,500,BUY
2017-01-01D16:37:23.925058,1059.62,16040,BUY
2017-01-01D16:37:29.054754,1059,2000,BUY
2017-01-01D16:37:29.054754,1059.62,500,BUY
2017-01-01D16:37:42.047154,1059.96,500,BUY
2017-01-01D16:37:42.047154,1060,5009,BUY
2017-01-01D16:37:42.047154,1060.66,2000,BUY
2017-01-01D16:37:44.219139,1061.97,3355,SELL
2017-01-01D16:37:44.928827,1061.97,22974,SELL
2017-01-01D16:37:45.524907,1062,2000,BUY
2017-01-01D16:37:46.505924,1061.97,100,SELL
2017-01-01D16:37:46.660149,1061.97,20207,SELL
2017-01-01D16:37:48.015477,1061.97,18024,SELL
2017-01-01D16:37:53.494577,1062.9,500,BUY
2017-01-01D16:37:56.913346,1062,10000,SELL
2017-01-01D16:37:59.888392,1062.89,1500,BUY
2017-01-01D16:38:01.969994,1062,2000,BUY
2017-01-01D16:38:01.969994,1062.9,1500,BUY
2017-01-01D16:38:01.969994,1063,710,BUY
2017-01-01D16:38:01.969994,1063.6,500,BUY
2017-01-01D16:38:01.969994,1064,2000,BUY
2017-01-01D16:38:01.969994,1064.38,2000,BUY
2017-01-01D16:38:01.969994,1065,2000,BUY
2017-01-01D16:38:01.969994,1065,2000,BUY
2017-01-01D16:38:01.969994,1065,1000,BUY
2017-01-01D16:38:04.307789,1065.74,2235,SELL
2017-01-01D16:38:13.929590,1065.74,1,SELL
2017-01-01D16:38:16.947037,1066.38,500,BUY
2017-01-01D16:38:16.947037,1067,2000,BUY
2017-01-01D16:38:16.947037,1068.5,2000,BUY
2017-01-01D16:38:16.947037,1068.97,500,BUY
2017-01-01D16:38:16.947037,1069.62,18040,BUY
2017-01-01D16:38:16.947037,1070,10000,BUY
2017-01-01D16:38:18.752703,1071.47,500,SELL
2017-01-01D16:38:20.226775,1071.47,44224,SELL
2017-01-01D16:38:21.530917,1071.47,500,SELL
2017-01-01D16:38:22.273086,1071.47,44224,SELL
2017-01-01D16:38:23.655200,1071.47,44224,SELL
2017-01-01D16:38:24.266066,1071.47,33133,SELL
2017-01-01D16:38:24.266066,1069.07,2000,SELL
2017-01-01D16:38:24.266066,1065.55,2500,SELL
2017-01-01D16:38:24.266066,1062.73,3000,SELL
2017-01-01D16:38:24.266066,1062.3,5000,SELL
2017-01-01D16:38:24.266066,1062.05,3000,SELL
2017-01-01D16:38:24.266066,1061.52,500,SELL
2017-01-01D16:38:26.330585,1060,100,BUY
2017-01-01D16:38:28.453445,1060,500,BUY
2017-01-01D16:38:37.982798,1062.37,500,BUY
2017-01-01D16:38:40.784772,1062.37,1500,BUY
2017-01-01D16:38:40.784772,1065.88,2500,BUY
2017-01-01D16:38:40.784772,1068.03,500,BUY
2017-01-01D16:38:40.784772,1069.4,3000,BUY
2017-01-01D16:38:40.784772,1070.63,500,BUY
2017-01-01D16:38:40.784772,1071.44,2000,BUY
2017-01-01D16:38:57.802603,1064.76,500,BUY
2017-01-01D16:38:58.215001,1064.76,200,BUY
2017-01-01D16:38:58.741352,1064.76,200,BUY
2017-01-01D16:38:59.323236,1064.76,200,BUY
2017-01-01D16:39:03.514684,1064.76,200,BUY
2017-01-01D16:39:04.875278,1064.76,200,BUY
2017-01-01D16:39:06.071594,1064.76,200,BUY
2017-01-01D16:39:07.290902,1064.76,200,BUY
2017-01-01D16:39:07.737029,1064.76,100,BUY
2017-01-01D16:39:09.732926,1066.76,200,SELL
2017-01-01D16:39:09.732926,1064.76,300,SELL
2017-01-01D16:39:10.980206,1067.15,200,BUY
2017-01-01D16:39:11.599008,1067.15,200,BUY
2017-01-01D16:39:15.137947,1067.15,1600,BUY
2017-01-01D16:39:16.037041,1067.15,1000,SELL
2017-01-01D16:39:27.736213,1067.15,400,SELL
2017-01-01D16:39:27.736213,1065.5,200,SELL
2017-01-01D16:39:27.736213,1065.33,400,SELL
2017-01-01D16:39:32.657547,1065.64,100,SELL
2017-01-01D16:39:32.657547,1065.44,100,SELL
2017-01-01D16:39:32.657547,1064.76,500,SELL
2017-01-01D16:39:32.657547,1064.38,300,SELL
2017-01-01D16:39:38.522397,1069.54,200,BUY
2017-01-01D16:39:41.340996,1069.54,200,BUY
2017-01-01D16:39:42.117154,1069.54,100,BUY
2017-01-01D16:39:42.117154,1069.55,100,BUY
2017-01-01D16:39:42.306355,1069.55,1900,BUY
2017-01-01D16:39:42.306355,1070,2500,BUY
2017-01-01D16:39:42.306355,1071.94,2000,BUY
2017-01-01D16:39:42.306355,1072.21,500,BUY
2017-01-01D16:39:42.306355,1074.88,500,BUY
2017-01-01D16:39:42.306355,1075,2000,BUY
2017-01-01D16:39:42.306355,1075.47,100,BUY
2017-01-01D16:39:52.861861,1069.4,200,SELL
2017-01-01D16:40:05.214172,1073.22,200,BUY
2017-01-01D16:40:10.781164,1074.13,500,BUY
2017-01-01D16:40:20.376284,1068.67,200,SELL
2017-01-01D16:40:42.402037,1069.89,500,SELL
2017-01-01D16:40:54.430641,1068.83,500,SELL
2017-01-01D16:41:03.081253,1070,2000,SELL
2017-01-01D16:41:06.891080,1072.73,1000,SELL
2017-01-01D16:41:07.590833,1072.73,8500,SELL
2017-01-01D16:41:07.590833,1068.75,1000,SELL
2017-01-01D16:41:07.590833,1067.65,500,SELL
2017-01-01D16:41:10.486905,1070.33,500,SELL
2017-01-01D16:41:14.275014,1070.33,100,SELL
2017-01-01D16:41:19.458432,1068.48,1000,SELL
2017-01-01D16:41:26.353559,1067.92,2000,SELL
2017-01-01D16:41:26.353559,1067.5,200,SELL
2017-01-01D16:41:26.353559,1067.14,500,SELL
2017-01-01D16:41:26.353559,1066.21,3300,SELL
2017-01-01D16:41:31.817220,1066.24,1000,SELL
2017-01-01D16:41:32.378802,1069.99,500,BUY
2017-01-01D16:41:32.378802,1070,10000,BUY
2017-01-01D16:41:32.378802,1072.79,500,BUY
2017-01-01D16:41:32.378802,1073.99,3000,BUY
2017-01-01D16:41:32.378802,1073.99,500,BUY
2017-01-01D16:41:32.378802,1074,1000,BUY
2017-01-01D16:41:32.378802,1075.47,2000,BUY
2017-01-01D16:41:32.378802,1075.58,500,BUY
2017-01-01D16:41:32.378802,1078,710,BUY
2017-01-01D16:41:32.378802,1078.38,500,BUY
2017-01-01D16:41:32.378802,1079.02,2500,BUY
2017-01-01D16:41:32.378802,1081.17,500,BUY
2017-01-01D16:41:32.378802,1082.58,3000,BUY
2017-01-01D16:41:32.378802,1083.34,4790,BUY
2017-01-01D16:41:35.451138,1066.06,1000,SELL
2017-01-01D16:41:35.551084,1083.34,3000,BUY
2017-01-01D16:41:37.626749,1068.84,200,SELL
2017-01-01D16:43:34.823132,1075.98,150,BUY
2017-01-01D16:43:49.767401,1075.98,200,BUY
2017-01-01D16:43:50.715515,1075.98,200,BUY
2017-01-01D16:43:52.640450,1075,200,BUY
2017-01-01D16:43:52.831768,1075,200,BUY
2017-01-01D16:43:53.468825,1075,200,BUY
2017-01-01D16:43:53.739426,1075,200,BUY
2017-01-01D16:43:54.018412,1075,200,BUY
2017-01-01D16:43:55.415557,1075,1500,BUY
2017-01-01D16:43:59.938704,1075,1600,BUY
2017-01-01D16:43:59.938704,1075.98,9450,BUY
2017-01-01D16:43:59.938704,1076,1000,BUY
2017-01-01D16:43:59.938704,1077.84,2000,BUY
2017-01-01D16:44:01.342908,1078.13,100,BUY
2017-01-01D16:44:02.827387,1077.84,1000,SELL
2017-01-01D16:44:07.224135,1078.13,500,SELL
2017-01-01D16:44:07.224135,1077.6,500,SELL
2017-01-01D16:44:08.132400,1077.6,1000,SELL
2017-01-01D16:44:11.736420,1080.26,500,BUY
2017-01-01D16:44:11.736420,1080.5,40000,BUY
2017-01-01D16:44:11.736420,1081.27,2350,BUY
2017-01-01D16:44:11.736420,1081.27,200,BUY
2017-01-01D16:44:11.736420,1081.56,200,BUY
2017-01-01D16:44:12.587960,1081.81,1000,SELL
2017-01-01D16:44:12.800751,1081.81,200,SELL
2017-01-01D16:44:13.026527,1081.81,200,SELL
2017-01-01D16:44:13.220441,1082.14,200,BUY
2017-01-01D16:44:13.220441,1082.4,200,BUY
2017-01-01D16:44:13.220441,1083.23,500,BUY
2017-01-01D16:44:13.220441,1084.96,85,BUY
2017-01-01D16:44:13.220441,1085,4015,BUY
2017-01-01D16:44:14.821431,1081.81,200,SELL
2017-01-01D16:44:15.070347,1081.81,200,SELL
2017-01-01D16:44:17.733285,1082.68,2000,BUY
2017-01-01D16:44:17.733285,1084.95,82,BUY
2017-01-01D16:44:17.733285,1085,1918,BUY
2017-01-01D16:44:18.655304,1081.81,500,SELL
2017-01-01D16:44:20.413398,1081.81,288,SELL
2017-01-01D16:44:22.462546,1081.81,1000,SELL
2017-01-01D16:44:22.878564,1081.81,10000,SELL
2017-01-01D16:44:24.657566,1081.81,426,SELL
2017-01-01D16:44:24.898731,1081.81,200,SELL
2017-01-01D16:44:25.939505,1081.81,200,SELL
2017-01-01D16:44:26.556212,1081.81,1000,SELL
2017-01-01D16:44:26.929469,1081.81,200,SELL
2017-01-01D16:44:27.329844,1082,101,BUY
2017-01-01D16:44:27.456514,1083,200,SELL
2017-01-01D16:44:27.697227,1083,200,SELL
2017-01-01D16:44:27.974825,1083,100,SELL
2017-01-01D16:44:28.136838,1083,399,SELL
2017-01-01D16:44:28.136838,1081.81,9601,SELL
2017-01-01D16:44:28.959162,1081.81,200,SELL
2017-01-01D16:44:29.051358,1081.81,500,SELL
2017-01-01D16:44:29.550610,1081.81,100,SELL
2017-01-01D16:44:31.584383,1081.81,200,SELL
2017-01-01D16:44:31.969910,1084.77,38075,SELL
2017-01-01D16:44:33.112190,1075.98,1000,SELL
2017-01-01D16:44:34.579769,1079.81,200,BUY
2017-01-01D16:44:34.579769,1081.5,200,BUY
2017-01-01D16:44:34.579769,1081.81,600,BUY
2017-01-01D16:44:42.455422,1084.89,48,BUY
2017-01-01D16:44:42.455422,1085,1952,BUY
2017-01-01D16:46:08.512581,1077,2000,SELL
2017-01-01D16:46:08.512581,1076,1150,SELL
2017-01-01D16:46:08.948069,1076,850,SELL
2017-01-01D16:46:08.948069,1076,150,SELL
2017-01-01D16:46:09.887461,1076,800,SELL
2017-01-01D16:46:52.574521,1076.02,500,SELL
2017-01-01D16:46:52.574521,1076.01,2000,SELL
2017-01-01D16:46:52.574521,1076,50,SELL
2017-01-01D16:46:52.574521,1073.15,500,SELL
2017-01-01D16:46:52.574521,1073,1000,SELL
2017-01-01D16:46:52.574521,1072.46,950,SELL
2017-01-01D16:47:26.915506,1072.57,500,SELL
2017-01-01D16:47:26.915506,1072.51,2000,SELL
2017-01-01D16:47:26.915506,1071,1000,SELL
2017-01-01D16:47:29.414590,1070.17,500,BUY
2017-01-01D16:47:40.469684,1069.36,500,SELL
2017-01-01D16:47:40.469684,1068.1,1000,SELL
2017-01-01D16:47:40.469684,1067.67,3500,SELL
2017-01-01D16:47:41.754289,1067.67,6000,SELL
2017-01-01D16:48:13.853306,1068.47,500,SELL
2017-01-01D16:48:13.853306,1068.18,200,SELL
2017-01-01D16:48:13.853306,1067.97,300,SELL
2017-01-01D16:48:19.230955,1068.58,200,SELL
2017-01-01D16:48:19.230955,1067.86,6903,SELL
2017-01-01D16:48:30.742257,1069.69,15800,BUY
2017-01-01D16:48:39.137091,1070.05,200,SELL
2017-01-01D16:48:39.137091,1068.83,500,SELL
2017-01-01D16:48:39.137091,1068.82,300,SELL
2017-01-01D16:49:02.534399,1069.44,1000,BUY
2017-01-01D16:49:15.505804,1068.01,750,SELL
2017-01-01D16:49:34.791022,1069,200,BUY
2017-01-01D16:49:35.522804,1068.01,3000,SELL
2017-01-01D16:49:35.522804,1068,3800,SELL
2017-01-01D16:50:04.371753,1068.01,3000,SELL
2017-01-01D16:50:04.371753,1068,22000,SELL
2017-01-01D16:50:09.391583,1068,24200,SELL
2017-01-01D16:50:13.067464,1067.87,800,BUY
2017-01-01D16:50:13.067464,1068.17,3000,BUY
2017-01-01D16:50:13.067464,1069.28,5000,BUY
2017-01-01D16:50:42.539984,1067.73,200,BUY
2017-01-01D16:50:43.074708,1067.73,200,BUY
2017-01-01D16:50:47.465850,1067.73,200,BUY
2017-01-01D16:50:49.926537,1067.73,200,BUY
2017-01-01D16:50:50.874846,1067.39,3000,SELL
2017-01-01D16:50:50.874846,1067.38,2000,SELL
2017-01-01D16:50:50.874846,1067.2,200,SELL
2017-01-01D16:50:50.874846,1067.18,100,SELL
2017-01-01D16:50:50.874846,1067.1,500,SELL
2017-01-01D16:50:53.072986,1066.48,200,SELL
2017-01-01D16:50:53.072986,1066.22,800,SELL
2017-01-01D16:50:53.231885,1067,200,BUY
2017-01-01D16:50:55.084240,1067,200,BUY
2017-01-01D16:50:55.311542,1067,100,BUY
2017-01-01D16:50:56.380263,1067,200,BUY
2017-01-01D16:51:03.267097,1066.47,200,SELL
2017-01-01D16:51:03.267097,1066.1,500,SELL
2017-01-01D16:51:03.267097,1066,1000,SELL
2017-01-01D16:51:03.267097,1065.76,8300,SELL
2017-01-01D16:51:06.730266,1066.5,200,SELL
2017-01-01D16:51:16.542656,1066.22,100,BUY
2017-01-01D16:51:18.676023,1066.22,1000,BUY
2017-01-01D16:51:20.892094,1066.22,100,BUY
2017-01-01D16:51:41.732752,1066.22,2300,BUY
2017-01-01D16:51:57.676981,1065.01,2,SELL
2017-01-01D16:51:59.090145,1065.01,1000,SELL
2017-01-01D16:52:22.347461,1065,1000,SELL
2017-01-01D16:52:24.923698,1065,1000,SELL
2017-01-01D16:52:33.068096,1065,50000,SELL
2017-01-01D16:52:37.629028,1065,25000,SELL
2017-01-01D16:52:46.445753,1065,23000,SELL
2017-01-01D16:53:11.714705,1065.65,1000,BUY
2017-01-01D16:53:35.146500,1065.95,3000,BUY
2017-01-01D16:53:51.823948,1065.01,3000,SELL
2017-01-01D16:53:51.823948,1065,22000,SELL
2017-01-01D16:54:01.527506,1064.09,10,SELL
2017-01-01D16:54:44.421664,1062.48,3000,SELL
2017-01-01D16:55:02.916225,1062.53,25000,SELL
2017-01-01D16:55:49.867995,1064.58,3000,BUY
2017-01-01D16:55:49.867995,1065.03,2000,BUY
2017-01-01D16:56:05.412685,1065.95,2800,BUY
2017-01-01D16:56:07.080590,1065.95,800,BUY
2017-01-01D16:56:08.641145,1065.95,3000,BUY
2017-01-01D16:56:42.211532,1063.41,500,SELL
2017-01-01D16:56:42.211532,1063.4,3000,SELL
2017-01-01D16:56:42.211532,1063.35,5500,SELL
2017-01-01D16:56:59.227981,1063.37,1000,SELL
2017-01-01D16:57:15.229342,1063.25,1000,SELL
2017-01-01D16:57:15.229342,1063.19,1000,SELL
2017-01-01D16:57:23.066466,1063.19,420,SELL
2017-01-01D16:57:32.870762,1065.02,3000,BUY
2017-01-01D16:57:53.749559,1066,50,BUY
2017-01-01D16:57:53.749559,1066.4,10,BUY
2017-01-01D16:57:53.749559,1066.59,9940,BUY
2017-01-01D16:58:13.177151,1066.9,10,BUY
2017-01-01D16:58:13.177151,1067.3,3000,BUY
2017-01-01D16:58:13.177151,1067.31,500,BUY
2017-01-01D16:58:13.177151,1067.32,6490,BUY
2017-01-01D16:58:16.494205,1067.4,10,BUY
2017-01-01D16:58:16.494205,1067.73,1990,BUY
2017-01-01D16:59:42.478933,1067.72,3000,BUY
2017-01-01D16:59:42.478933,1067.73,2000,BUY
2017-01-01D16:59:51.938963,1067.73,20210,BUY
2017-01-01D16:59:51.938963,1068.08,4790,BUY
2017-01-01D17:00:05.914040,1068.08,5320,SELL
2017-01-01D17:00:25.401692,1067.99,1000,BUY
2017-01-01D17:00:28.115038,1065.7,3000,SELL
2017-01-01D17:00:28.115038,1065.69,2000,SELL
2017-01-01D17:00:49.966148,1067.99,3000,BUY
2017-01-01D17:01:01.371259,1066.54,2132,SELL
2017-01-01D17:01:10.974526,1066.54,3000,SELL
2017-01-01D17:01:10.974526,1066.53,5000,SELL
2017-01-01D17:02:36.912878,1066,5991,BUY
2017-01-01D17:03:26.811236,1066.99,3000,BUY
2017-01-01D17:03:26.811236,1067,5000,BUY
2017-01-01D17:03:58.094566,1066.51,3000,SELL
2017-01-01D17:03:58.094566,1066.5,8000,SELL
2017-01-01D17:04:47.468431,1067,3000,BUY
2017-01-01D17:04:51.401345,1066.79,3000,BUY
2017-01-01D17:05:00.509257,1067.13,4000,BUY
2017-01-01D17:05:11.863298,1067.5,1000,BUY
2017-01-01D17:08:51.441934,1066.07,3000,SELL
2017-01-01D17:08:51.441934,1066.05,1000,SELL
2017-01-01D17:10:20.359290,1067.28,2500,BUY
2017-01-01D17:10:24.970872,1067.28,30500,BUY
2017-01-01D17:10:24.970872,1068.61,2000,BUY
2017-01-01D17:10:24.970872,1068.81,900,BUY
2017-01-01D17:10:28.785110,1068.8,2500,BUY
2017-01-01D17:11:08.714145,1068.95,500,BUY
2017-01-01D17:11:08.714145,1068.96,200,BUY
2017-01-01D17:13:33.121144,1069.18,2000,BUY
2017-01-01D17:15:02.867052,1067.02,500,SELL
2017-01-01D17:15:02.867052,1067.01,3000,SELL
2017-01-01D17:15:02.867052,1067,2000,SELL
2017-01-01D17:17:05.442249,1066.01,3000,SELL
2017-01-01D17:17:05.442249,1066,15000,SELL
2017-01-01D17:17:19.836972,1065.65,15000,SELL
2017-01-01D17:17:19.836972,1064.79,500,SELL
2017-01-01D17:17:19.836972,1064.04,600,SELL
2017-01-01D17:17:58.392263,1064.01,1000,SELL
2017-01-01D17:19:32.397193,1064.01,3000,SELL
2017-01-01D17:19:32.397193,1064,2000,SELL
2017-01-01D17:19:36.711130,1064,13000,SELL
2017-01-01D17:19:36.711130,1063.69,500,SELL
2017-01-01D17:19:36.711130,1063.17,15000,SELL
2017-01-01D17:23:00.427745,1063.94,500,SELL
2017-01-01D17:24:00.349919,1063.94,213,BUY
2017-01-01D17:26:46.539958,1063.31,3000,SELL
2017-01-01D17:26:46.643192,1063.17,15000,SELL
2017-01-01D17:27:00.156999,1062.83,500,SELL
2017-01-01D17:27:00.156999,1062.82,2000,SELL
2017-01-01D17:27:00.156999,1062.82,3000,SELL
2017-01-01D17:27:00.156999,1062.81,1000,SELL
2017-01-01D17:27:00.156999,1061.11,23500,SELL
2017-01-01D17:27:22.870657,1060.57,2500,SELL
2017-01-01D17:27:24.956256,1060.38,500,SELL
2017-01-01D17:27:24.956256,1060.37,2000,SELL
2017-01-01D17:27:31.829439,1060.64,500,SELL
2017-01-01D17:27:31.829439,1060.63,1011,SELL
2017-01-01D17:28:06.393794,1060.5,1,SELL
2017-01-01D17:28:06.393794,1060.39,1999,SELL
2017-01-01D17:30:21.410475,1061,15000,SELL
2017-01-01D17:30:21.410475,1060.48,500,SELL
2017-01-01D17:30:23.626372,1059.97,3000,BUY
2017-01-01D17:30:23.626372,1059.98,21500,BUY
2017-01-01D17:30:24.680357,1059.98,3000,BUY
2017-01-01D17:30:25.763403,1060.65,3318,BUY
2017-01-01D17:30:27.689295,1059.68,7165,BUY
2017-01-01D17:30:28.247023,1059.68,6969,BUY
2017-01-01D17:30:28.576842,1059.68,6999,BUY
2017-01-01D17:30:29.699941,1059.68,3867,BUY
2017-01-01D17:30:36.064517,1058.4,500,SELL
2017-01-01D17:30:36.064517,1058.39,2000,SELL
2017-01-01D17:30:39.642143,1058.25,12590,BUY
2017-01-01D17:30:40.369323,1058.25,9910,BUY
2017-01-01D17:31:15.094684,1060.62,2000,BUY
2017-01-01D17:34:15.253830,1062.99,500,BUY
2017-01-01D17:34:15.253830,1063,5000,BUY
2017-01-01D17:35:06.662715,1064.63,500,BUY
2017-01-01D17:35:06.662715,1065.46,25000,BUY
2017-01-01D17:35:06.662715,1065.69,2000,BUY
2017-01-01D17:35:06.662715,1066.69,1000,BUY
2017-01-01D17:35:56.768885,1065.67,500,SELL
2017-01-01D17:37:41.906067,1063.28,500,SELL
2017-01-01D17:42:15.920158,1062.7,2000,BUY
2017-01-01D17:43:00.423535,1062.82,1000,BUY
2017-01-01D17:43:07.217786,1062.82,1000,BUY
2017-01-01D17:43:07.217786,1062.82,500,BUY
2017-01-01D17:47:08.189689,1064.29,500,BUY
2017-01-01D17:47:08.189689,1064.29,3000,BUY
2017-01-01D17:47:08.189689,1064.3,2000,BUY
2017-01-01D17:49:22.557004,1066.12,500,BUY
2017-01-01D17:49:22.557004,1066.13,3000,BUY
2017-01-01D17:49:22.557004,1066.5,5800,BUY
2017-01-01D17:49:22.557004,1067.36,25000,BUY
2017-01-01D17:49:22.557004,1068,700,BUY
2017-01-01D17:50:36.544811,1066.49,500,BUY
2017-01-01D17:50:36.544811,1066.49,1000,BUY
2017-01-01D17:51:02.039367,1067.81,500,BUY
2017-01-01D17:51:02.039367,1067.82,9500,BUY
2017-01-01D17:52:04.564475,1067.99,500,BUY
2017-01-01D17:52:04.564475,1068,1300,BUY
2017-01-01D17:52:04.564475,1068,1700,BUY
2017-01-01D17:52:48.314979,1065.15,1000,SELL
2017-01-01D17:53:58.477277,1065.03,500,BUY
2017-01-01D17:55:15.541515,1066.31,500,BUY
2017-01-01D17:55:15.541515,1066.32,3000,BUY
2017-01-01D18:00:33.326254,1067.02,2000,BUY
2017-01-01D18:00:33.326254,1067.99,3000,BUY
2017-01-01D18:00:57.555468,1067.01,3000,SELL
2017-01-01D18:00:57.555468,1067,22000,SELL
2017-01-01D18:01:15.166467,1067,213,SELL
2017-01-01D18:01:24.813251,1067.02,1,SELL
2017-01-01D18:01:28.219906,1067.02,1,SELL
2017-01-01D18:01:53.281927,1067.03,1005,BUY
2017-01-01D18:02:49.409103,1067,10000,SELL
2017-01-01D18:03:08.685827,1067,7787,SELL
2017-01-01D18:03:08.685827,1066.93,3000,SELL
2017-01-01D18:03:08.685827,1066.91,500,SELL
2017-01-01D18:04:14.397925,1067.02,1500,BUY
2017-01-01D18:04:21.502193,1067.03,995,BUY
2017-01-01D18:04:28.797239,1067.99,1500,BUY
2017-01-01D18:04:31.726121,1068,1500,BUY
2017-01-01D18:04:32.681008,1068,1500,BUY
2017-01-01D18:04:34.576751,1068,300,BUY
2017-01-01D18:04:35.556112,1068.07,2000,BUY
2017-01-01D18:04:35.556112,1069.75,8000,BUY
2017-01-01D18:04:47.765002,1069.86,1500,BUY
2017-01-01D18:05:23.579845,1070,2000,SELL
2017-01-01D18:05:37.668662,1067.98,3000,BUY
2017-01-01D18:06:06.110816,1070.87,700,BUY
2017-01-01D18:06:18.843816,1070,1000,BUY
2017-01-01D18:06:57.702121,1069.99,3000,BUY
2017-01-01D18:06:57.702121,1070,5000,BUY
2017-01-01D18:06:57.702121,1071.22,10,BUY
2017-01-01D18:06:57.702121,1071.33,17205,BUY
2017-01-01D18:08:38.064203,1070.41,7500,BUY
2017-01-01D18:09:35.143014,1071.1,500,BUY
2017-01-01D18:09:39.495432,1071.1,500,SELL
2017-01-01D18:09:52.677099,1070.61,18315,SELL
2017-01-01D18:09:56.300620,1070.97,10,BUY
2017-01-01D18:10:03.049196,1070.61,30,SELL
2017-01-01D18:10:05.689477,1070.61,10,SELL
2017-01-01D18:10:11.552055,1070.61,2,SELL
2017-01-01D18:10:12.142563,1070.61,2,SELL
2017-01-01D18:10:15.211245,1070.61,10641,SELL
2017-01-01D18:15:25.241101,1068.25,1000,BUY
2017-01-01D18:17:15.613955,1069.85,18359,BUY
2017-01-01D18:21:46.395369,1068.25,1000,BUY
2017-01-01D18:24:14.088156,1068.25,406,BUY
2017-01-01D18:27:08.579515,1068.25,594,BUY
2017-01-01D18:27:08.579515,1070.24,16906,BUY
2017-01-01D18:27:14.777564,1070.52,30,BUY
2017-01-01D18:27:15.526978,1070.52,30,BUY
2017-01-01D18:27:17.881400,1070.58,10,BUY
2017-01-01D18:27:19.978388,1070.58,2,BUY
2017-01-01D18:27:20.441199,1070.58,2,BUY
2017-01-01D18:29:30.417969,1070.5,20000,BUY
2017-01-01D18:30:03.562905,1071.68,25000,BUY
2017-01-01D18:30:51.607086,1070.01,500,SELL
2017-01-01D18:30:51.607086,1070,4500,SELL
2017-01-01D18:33:06.673072,1071.5,20000,BUY
2017-01-01D18:33:08.327194,1072.15,2000,BUY
2017-01-01D18:33:08.327194,1072.44,18000,BUY
2017-01-01D18:33:14.073371,1072.29,500,SELL
2017-01-01D18:33:17.776450,1072.12,5000,BUY
2017-01-01D18:33:20.693109,1072.15,1200,BUY
2017-01-01D18:33:27.254574,1072.82,5000,BUY
2017-01-01D18:33:28.992397,1072.99,1000,BUY
2017-01-01D18:33:39.055846,1073.38,300,BUY
2017-01-01D18:33:46.654159,1072.85,500,BUY
2017-01-01D18:33:49.696743,1072.85,500,BUY
2017-01-01D18:33:52.069059,1072.44,500,BUY
2017-01-01D18:38:26.009682,1070.75,500,SELL
2017-01-01D18:38:32.318870,1070.06,500,SELL
2017-01-01D18:38:37.662974,1070.01,500,SELL
2017-01-01D18:38:37.662974,1070.01,500,SELL
2017-01-01D18:38:37.662974,1070,4000,SELL
2017-01-01D18:38:40.074900,1070,1500,SELL
2017-01-01D18:38:40.074900,1069.06,13500,SELL
2017-01-01D18:38:45.141716,1068.41,1005,SELL
2017-01-01D18:38:50.630871,1070,500,BUY
2017-01-01D18:38:50.630871,1070.5,2000,BUY
2017-01-01D18:38:50.630871,1070.89,7500,BUY
2017-01-01D18:40:16.776083,1070,500,BUY
2017-01-01D18:41:07.979345,1069.9,200,SELL
2017-01-01D18:41:08.273216,1069.9,9800,SELL
2017-01-01D18:41:08.273216,1069.43,10200,SELL
2017-01-01D18:42:55.681512,1068.51,10000,SELL
2017-01-01D18:43:42.735965,1070,500,BUY
2017-01-01D18:43:42.735965,1070.51,4500,BUY
2017-01-01D18:44:07.808047,1070.45,2000,BUY
2017-01-01D18:49:16.550775,1069.1,100,SELL
2017-01-01D18:51:00.390538,1068.39,3000,SELL
2017-01-01D18:51:00.390538,1068.38,14574,SELL
2017-01-01D18:51:56.379637,1068.22,2000,SELL
2017-01-01D18:52:00.958420,1068.21,500,SELL
2017-01-01D18:54:29.079337,1067.2,10000,SELL
2017-01-01D18:54:35.576947,1066.78,500,SELL
2017-01-01D18:54:35.576947,1066.77,2000,SELL
2017-01-01D18:59:22.217727,1066.99,500,BUY
2017-01-01D18:59:22.217727,1066.99,3000,BUY
2017-01-01D18:59:22.217727,1067,1500,BUY
2017-01-01D19:00:03.678992,1067,5000,BUY
2017-01-01D19:00:08.697513,1067,3500,BUY
2017-01-01D19:01:02.561669,1068,100,BUY
2017-01-01D19:01:02.561669,1069.27,500,BUY
2017-01-01D19:01:02.561669,1069.28,400,BUY
2017-01-01D19:07:14.477882,1066.61,1005,SELL
2017-01-01D19:07:14.477882,1066.5,200,SELL
2017-01-01D19:07:14.477882,1066.47,13195,SELL
2017-01-01D19:07:23.667138,1065.95,130,SELL
2017-01-01D19:07:29.390997,1065.73,10,SELL
2017-01-01D19:07:31.378783,1065.73,1,SELL
2017-01-01D19:07:31.942646,1065.73,1,SELL
2017-01-01D19:10:58.872098,1065.78,500,SELL
2017-01-01D19:10:58.872098,1065.77,3000,SELL
2017-01-01D19:10:58.872098,1065.46,25000,SELL
2017-01-01D19:10:58.872098,1064.66,2000,SELL
2017-01-01D19:10:58.872098,1064.55,9500,SELL
2017-01-01D19:11:01.739431,1064.68,2000,BUY
2017-01-01D19:11:55.931230,1064.91,500,SELL
2017-01-01D19:11:55.931230,1064.9,500,SELL
2017-01-01D19:12:39.872145,1066.25,2500,BUY
2017-01-01D19:15:59.835130,1063.92,500,SELL
2017-01-01D19:16:50.221145,1064.69,3000,BUY
2017-01-01D19:16:50.221145,1064.71,500,BUY
2017-01-01D19:16:50.221145,1064.72,1500,BUY
2017-01-01D19:20:06.668990,1064.64,2500,BUY
2017-01-01D19:21:53.966283,1064.64,2500,BUY
2017-01-01D19:22:12.037310,1064.68,500,BUY
2017-01-01D19:22:45.289054,1066.06,5000,BUY
2017-01-01D19:22:45.289054,1066.33,9542,BUY
2017-01-01D19:24:45.179202,1064.6,500,SELL
2017-01-01D19:24:45.179202,1063.91,1005,SELL
2017-01-01D19:24:45.179202,1063.91,25000,SELL
2017-01-01D19:24:47.483903,1062.94,18495,BUY
2017-01-01D19:31:15.804679,1063.57,100,SELL
2017-01-01D19:33:25.987244,1066.24,15000,BUY
2017-01-01D19:33:27.727991,1066.29,15000,BUY
2017-01-01D19:33:30.425346,1066.43,25000,BUY
2017-01-01D19:33:33.462500,1067.28,25000,SELL
2017-01-01D19:34:30.417124,1065.35,201,BUY
2017-01-01D19:34:43.367739,1065.97,201,SELL
2017-01-01D19:34:55.664058,1066.35,201,BUY
2017-01-01D19:43:20.387326,1066.1,500,SELL
2017-01-01D19:43:20.387326,1066.09,3000,SELL
2017-01-01D19:43:20.387326,1065.4,25000,SELL
2017-01-01D19:43:20.387326,1065.12,11500,SELL
2017-01-01D19:44:39.842599,1066.99,3000,BUY
2017-01-01D19:44:39.842599,1067,3000,BUY
2017-01-01D19:47:29.170537,1066.99,200,BUY
2017-01-01D19:47:40.719865,1066.56,25000,BUY
2017-01-01D19:52:21.001227,1066,500,SELL
2017-01-01D19:52:21.001227,1065.19,2500,SELL
2017-01-01D19:53:10.593855,1064.71,2,SELL
2017-01-01D19:53:20.165032,1064.14,500,SELL
2017-01-01D19:53:20.165032,1064.13,2500,SELL
2017-01-01D19:54:34.472408,1063.89,500,SELL
2017-01-01D19:54:34.472408,1063.88,14500,SELL
2017-01-01D19:59:27.894877,1063.17,14800,SELL
2017-01-01D20:00:24.157687,1063.81,25000,SELL
2017-01-01D20:00:25.385714,1063,25000,BUY
2017-01-01D20:01:03.803066,1065,50000,BUY
2017-01-01D20:01:12.334027,1065.73,3000,BUY
2017-01-01D20:01:12.334027,1065.74,500,BUY
2017-01-01D20:01:12.334027,1066.7,10000,BUY
2017-01-01D20:01:28.918041,1066.55,52,BUY
2017-01-01D20:01:32.136479,1066.65,2,BUY
2017-01-01D20:01:33.937307,1066.65,1,BUY
2017-01-01D20:04:12.992457,1066.38,6000,BUY
2017-01-01D20:05:22.302817,1065.3,3000,SELL
2017-01-01D20:05:22.302817,1065.28,500,SELL
2017-01-01D20:06:07.423045,1065,6002,BUY
2017-01-01D20:06:15.750496,1065,25000,BUY
2017-01-01D20:06:19.976662,1065,15498,BUY
2017-01-01D20:07:52.397593,1066.98,2500,BUY
2017-01-01D20:08:05.906781,1067,2,BUY
2017-01-01D20:08:44.261869,1067,100,BUY
2017-01-01D20:10:11.019827,1067,100,BUY
2017-01-01D20:12:28.835274,1067,500,BUY
2017-01-01D20:12:32.585084,1067,500,BUY
2017-01-01D20:12:49.740047,1067,2500,BUY
2017-01-01D20:12:50.945903,1067,500,BUY
2017-01-01D20:12:52.073333,1067,500,BUY
2017-01-01D20:12:54.679799,1067,500,BUY
2017-01-01D20:12:58.744395,1067,1798,BUY
2017-01-01D20:13:12.012628,1067.92,500,BUY
2017-01-01D20:13:26.817250,1068.13,2000,BUY
2017-01-01D20:13:26.817250,1068.36,18000,BUY
2017-01-01D20:14:32.266148,1069.65,500,BUY
2017-01-01D20:14:32.266148,1069.66,1500,BUY
2017-01-01D20:17:25.520719,1069.99,500,BUY
2017-01-01D20:17:26.954573,1070,500,BUY
2017-01-01D20:17:27.871791,1070,500,BUY
2017-01-01D20:18:23.851836,1068.52,3000,SELL
2017-01-01D20:18:23.851836,1068.5,10555,SELL
2017-01-01D20:18:25.843761,1068.5,13555,SELL
2017-01-01D20:18:34.890459,1068.22,300,SELL
2017-01-01D20:18:39.003570,1068.24,20,SELL
2017-01-01D20:18:40.548653,1068.24,10,SELL
2017-01-01D20:18:42.340930,1068.12,2,SELL
2017-01-01D20:18:43.034157,1068.12,2,SELL
2017-01-01D20:18:58.058883,1068.28,3000,SELL
2017-01-01D20:18:58.058883,1068.27,25000,SELL
2017-01-01D20:18:58.058883,1067.77,302,SELL
2017-01-01D20:18:58.058883,1067.57,500,SELL
2017-01-01D20:18:58.058883,1067.28,1198,SELL
2017-01-01D20:24:38.122178,1068.43,2500,SELL
2017-01-01D20:24:43.320776,1068.55,2500,SELL
2017-01-01D20:27:03.179301,1069.86,500,BUY
2017-01-01D20:27:03.179301,1069.87,3000,BUY
2017-01-01D20:27:03.179301,1070,1000,BUY
2017-01-01D20:27:10.127986,1070.64,2000,BUY
2017-01-01D20:27:12.569485,1072.17,500,BUY
2017-01-01D20:27:12.569485,1072.6,13055,BUY
2017-01-01D20:27:40.134755,1072.77,500,BUY
2017-01-01D20:27:41.291859,1072.78,500,BUY
2017-01-01D20:27:42.278213,1072.78,500,BUY
2017-01-01D20:27:43.485909,1072.78,500,BUY
2017-01-01D20:29:06.522446,1072,25000,BUY
2017-01-01D20:29:14.508592,1072,500,BUY
2017-01-01D20:29:27.317876,1072,5000,BUY
2017-01-01D20:29:28.782137,1071.95,5000,SELL
2017-01-01D20:29:31.786511,1072,19500,BUY
2017-01-01D20:29:46.466176,1073.15,10,BUY
2017-01-01D20:29:52.950018,1074.56,500,BUY
2017-01-01D20:29:52.950018,1074.57,2000,BUY
2017-01-01D20:29:52.950018,1075,100,BUY
2017-01-01D20:29:52.950018,1075.47,2400,BUY
2017-01-01D20:30:02.650535,1075.69,500,BUY
2017-01-01D20:30:03.344846,1075.69,500,BUY
2017-01-01D20:30:03.675071,1075.69,500,BUY
2017-01-01D20:30:03.994218,1075.69,500,BUY
2017-01-01D20:30:04.357175,1075.69,500,BUY
2017-01-01D20:30:04.764600,1075.69,500,BUY
2017-01-01D20:30:07.477482,1075.1,334,BUY
2017-01-01D20:30:11.982434,1075.88,6000,BUY
2017-01-01D20:31:52.600090,1076,6000,SELL
2017-01-01D20:31:57.283717,1075.86,9947,BUY
2017-01-01D20:32:48.175786,1075.63,5000,BUY
2017-01-01D20:33:04.457479,1074,9947,SELL
2017-01-01D20:35:40.853388,1076.99,500,BUY
2017-01-01D20:35:40.853388,1077,1000,BUY
2017-01-01D20:35:40.853388,1077.68,4500,BUY
2017-01-01D20:36:32.764332,1076,6000,SELL
2017-01-01D20:36:59.712490,1076,9170,SELL
2017-01-01D20:37:28.574828,1073.74,500,SELL
2017-01-01D20:37:28.574828,1073.73,3500,SELL
2017-01-01D20:40:06.650632,1072.86,3000,SELL
2017-01-01D20:40:06.650632,1072.85,2000,SELL
2017-01-01D20:40:06.650632,1071.55,500,SELL
2017-01-01D20:40:08.041439,1069.14,500,SELL
2017-01-01D20:40:08.041439,1068.75,19500,SELL
2017-01-01D20:40:10.120683,1068.5,2010,SELL
2017-01-01D20:40:12.654978,1068.49,500,SELL
2017-01-01D20:40:12.654978,1067.93,1500,SELL
2017-01-01D20:40:15.993990,1067.55,500,SELL
2017-01-01D20:40:18.486054,1067.08,500,SELL
2017-01-01D20:40:18.486054,1066.74,2000,SELL
2017-01-01D20:40:27.283785,1065.52,14000,SELL
2017-01-01D20:40:27.896101,1065.52,2000,SELL
2017-01-01D20:40:29.127509,1064.71,10000,SELL
2017-01-01D20:40:32.188210,1063.81,500,SELL
2017-01-01D20:40:33.125315,1063.8,500,SELL
2017-01-01D20:40:33.998656,1063.8,500,SELL
2017-01-01D20:40:34.950862,1063.8,500,SELL
2017-01-01D20:40:35.329035,1063.8,9100,SELL
2017-01-01D20:40:35.909725,1063.8,500,SELL
2017-01-01D20:40:37.531111,1065.13,500,SELL
2017-01-01D20:40:49.644332,1067.37,500,SELL
2017-01-01D20:40:51.967334,1067.37,1000,SELL
2017-01-01D20:41:16.597402,1068.53,25000,SELL
2017-01-01D20:41:16.745865,1068,25000,BUY
2017-01-01D20:41:16.820634,1068.82,500,BUY
2017-01-01D20:41:16.820634,1068.83,3000,BUY
2017-01-01D20:41:16.820634,1068.85,2000,BUY
2017-01-01D20:41:16.944979,1067.99,500,BUY
2017-01-01D20:41:16.944979,1070.44,500,BUY
2017-01-01D20:41:16.944979,1070.92,3000,BUY
2017-01-01D20:42:17.142124,1069.04,500,SELL
2017-01-01D20:42:36.059359,1069.05,3000,SELL
2017-01-01D20:42:36.059359,1069.04,22000,SELL
2017-01-01D20:43:35.875588,1068.19,3000,SELL
2017-01-01D20:43:35.875588,1068.17,9000,SELL
2017-01-01D20:44:03.014894,1068.16,1000,SELL
2017-01-01D20:44:40.003438,1068.99,1000,BUY
2017-01-01D20:44:41.921930,1069,25000,BUY
2017-01-01D20:44:46.430856,1069,25000,BUY
2017-01-01D20:44:56.614542,1069.98,3000,BUY
2017-01-01D20:44:56.614542,1069.99,50000,BUY
2017-01-01D20:46:50.514892,1070.01,3000,SELL
2017-01-01D20:46:50.514892,1070,500,SELL
2017-01-01D20:47:14.986136,1070,47000,BUY
2017-01-01D20:49:16.374449,1070.99,3000,BUY
2017-01-01D20:49:16.374449,1071,22000,BUY
2017-01-01D20:49:16.589512,1071,28500,BUY
2017-01-01D20:54:58.595278,1071.35,3000,BUY
2017-01-01D20:54:58.595278,1071.36,22000,BUY
2017-01-01D20:55:11.059449,1071.02,300,SELL
2017-01-01D20:55:22.899290,1071.93,5,BUY
2017-01-01D20:55:26.664324,1071.8,25000,SELL
2017-01-01D20:56:56.980010,1071.7,1500,BUY
2017-01-01D20:57:16.642179,1071.99,3000,BUY
2017-01-01D20:57:16.642179,1072,17000,BUY
2017-01-01D20:57:21.339185,1072,9170,BUY
2017-01-01D20:57:26.368618,1072,9170,BUY
2017-01-01D20:57:31.961985,1072,3500,BUY
2017-01-01D20:57:38.102306,1072,1300,BUY
2017-01-01D20:57:43.058421,1072,20,BUY
2017-01-01D20:57:45.008022,1072,2,BUY
2017-01-01D20:57:47.592478,1072,1,BUY
2017-01-01D20:57:53.083586,1072,3000,BUY
2017-01-01D20:58:38.136561,1072,500,BUY
2017-01-01D20:59:12.733318,1071,22000,SELL
2017-01-01D21:00:36.417613,1070.01,500,SELL
2017-01-01D21:00:36.417613,1070,6500,SELL
2017-01-01D21:00:36.417613,1070,27776,SELL
2017-01-01D21:03:01.375096,1072.4,2000,BUY
2017-01-01D21:03:01.375096,1072.43,500,BUY
2017-01-01D21:03:01.375096,1072.58,500,BUY
2017-01-01D21:03:13.854730,1073.51,500,BUY
2017-01-01D21:03:13.854730,1073.52,2500,BUY
2017-01-01D21:03:52.451422,1073.33,500,BUY
2017-01-01D21:06:00.559966,1071.54,10,BUY
2017-01-01D21:06:23.913542,1070.93,500,SELL
2017-01-01D21:06:23.913542,1070.92,3500,SELL
2017-01-01D21:06:36.556955,1071.15,2000,BUY
2017-01-01D21:11:05.273859,1072.34,25000,BUY
2017-01-01D21:20:24.135828,1073.65,93,BUY
2017-01-01D21:28:13.808282,1074.26,500,BUY
2017-01-01D21:28:13.808282,1074.27,3202,BUY
2017-01-01D21:28:13.808282,1074.47,5000,BUY
2017-01-01D21:28:43.750778,1075,2000,BUY
2017-01-01D21:29:12.731848,1075.32,2000,BUY
2017-01-01D21:30:29.879842,1074.57,1000,SELL
2017-01-01D21:36:12.025016,1075.51,500,BUY
2017-01-01D21:36:12.025016,1075.52,8500,BUY
2017-01-01D21:36:20.244973,1075.85,1500,BUY
2017-01-01D21:36:28.388760,1074.56,5,SELL
2017-01-01D21:36:33.279499,1075.85,150,BUY
2017-01-01D21:37:18.231512,1076.13,1,BUY
2017-01-01D21:40:17.416387,1076.26,6000,BUY
2017-01-01D21:41:03.136383,1076.26,23202,BUY
2017-01-01D21:41:03.136383,1077.01,1798,BUY
2017-01-01D21:41:38.467862,1076.7,1077,BUY
2017-01-01D21:41:38.467862,1076.7,1077,BUY
2017-01-01D21:41:38.467862,1076.82,22846,BUY
2017-01-01D21:42:02.638782,1074.57,3000,SELL
2017-01-01D21:42:02.638782,1074.56,1995,SELL
2017-01-01D21:42:02.638782,1074.36,500,SELL
2017-01-01D21:45:24.243773,1076.36,3000,BUY
2017-01-01D21:45:24.243773,1076.38,500,BUY
2017-01-01D21:45:24.243773,1077.17,2000,BUY
2017-01-01D21:51:32.417959,1075.96,5000,BUY
2017-01-01D21:53:20.902978,1074.64,5000,SELL
2017-01-01D21:54:37.909191,1075.96,5000,BUY
2017-01-01D21:57:31.380904,1073.44,3000,SELL
2017-01-01D21:57:31.380904,1073.42,7493,SELL
2017-01-01D21:58:02.145601,1072.77,500,SELL
2017-01-01D21:58:02.145601,1072.76,2000,SELL
2017-01-01D21:58:08.988649,1070.93,500,SELL
2017-01-01D21:58:08.988649,1070.92,5000,SELL
2017-01-01D21:58:27.259741,1072.39,25000,SELL
2017-01-01D21:59:48.635099,1071.43,105,SELL
2017-01-01D22:00:40.904820,1071.97,3000,BUY
2017-01-01D22:00:40.904820,1071.98,500,BUY
2017-01-01D22:01:26.575343,1073,200,BUY
2017-01-01D22:15:02.170026,1073.03,1500,BUY
2017-01-01D22:15:08.865548,1073.03,1500,BUY
2017-01-01D22:15:12.344855,1073.03,2000,BUY
2017-01-01D22:15:12.344855,1073.33,3500,BUY
2017-01-01D22:29:49.849814,1073.73,2000,BUY
2017-01-01D22:32:05.905294,1075.09,1,BUY
2017-01-01D22:33:10.392944,1075.05,7,BUY
2017-01-01D22:33:10.760623,1073.24,6,SELL
2017-01-01D22:34:10.094761,1075.07,7,BUY
2017-01-01D22:34:32.227539,1075.07,100,BUY
2017-01-01D22:34:58.570772,1075.28,500,BUY
2017-01-01D22:35:18.289955,1075.28,10,BUY
2017-01-01D22:35:26.632834,1073.65,3000,SELL
2017-01-01D22:35:26.632834,1073.63,15000,SELL
2017-01-01D22:35:30.322509,1075.25,50,BUY
2017-01-01D22:48:10.492374,1073.71,3000,BUY
2017-01-01D22:53:16.808756,1070.83,500,SELL
2017-01-01D22:53:16.808756,1070.82,3000,SELL
2017-01-01D22:53:19.356164,1070.5,5000,SELL
2017-01-01D22:53:31.468561,1070.82,10350,BUY
2017-01-01D22:53:40.829766,1071.94,20,BUY
2017-01-01D22:53:43.845840,1072.27,5,BUY
2017-01-01D22:53:45.041896,1072.27,1,BUY
2017-01-01D22:53:45.733312,1072.14,1,BUY
2017-01-01D22:53:46.346996,1072.14,1,BUY
2017-01-01D22:53:46.884492,1072.14,1,BUY
2017-01-01D23:01:07.814127,1071.71,4500,BUY
2017-01-01D23:07:32.229115,1072.5,2010,SELL
2017-01-01D23:08:01.421468,1071.04,2000,SELL
2017-01-01D23:08:04.550867,1070.63,500,SELL
2017-01-01D23:08:04.550867,1070.1,9879,SELL
2017-01-01D23:08:14.391612,1070.1,121,SELL
2017-01-01D23:08:14.391612,1070.01,3000,SELL
2017-01-01D23:08:14.391612,1070,21879,SELL
2017-01-01D23:08:22.704139,1070,3845,SELL
2017-01-01D23:08:22.704139,1070,1655,SELL
2017-01-01D23:08:27.585822,1070,3345,SELL
2017-01-01D23:08:27.585822,1070,10000,SELL
2017-01-01D23:08:27.859779,1068.53,2000,SELL
2017-01-01D23:08:31.080937,1067.13,5000,SELL
2017-01-01D23:08:35.211757,1064.82,500,SELL
2017-01-01D23:08:35.211757,1064.74,2000,SELL
2017-01-01D23:08:35.211757,1064.56,22500,SELL
2017-01-01D23:08:35.211757,1064.56,2010,SELL
2017-01-01D23:08:45.231961,1066.85,1500,BUY
2017-01-01D23:08:56.288756,1066.47,15000,SELL
2017-01-01D23:09:20.136764,1069.13,500,BUY
2017-01-01D23:10:06.522195,1069.06,1000,SELL
2017-01-01D23:10:08.352490,1069.05,1000,SELL
2017-01-01D23:10:11.688582,1069.03,1000,SELL
2017-01-01D23:10:18.944311,1069.11,1000,SELL
2017-01-01D23:10:24.487967,1070.29,500,BUY
2017-01-01D23:10:24.487967,1071.46,1500,BUY
2017-01-01D23:10:25.562973,1069.1,1000,SELL
2017-01-01D23:10:27.838152,1069.11,1000,SELL
2017-01-01D23:10:30.504989,1068.86,1000,SELL
2017-01-01D23:11:26.349655,1068.93,1000,BUY
2017-01-01D23:11:26.349655,1068.93,500,BUY
2017-01-01D23:12:31.769770,1068.81,3000,SELL
2017-01-01D23:13:09.013525,1068.97,3000,BUY
2017-01-01D23:13:09.013525,1069.27,500,BUY
2017-01-01D23:13:09.252570,1066.88,1000,SELL
2017-01-01D23:14:31.419649,1067.11,2000,SELL
2017-01-01D23:14:33.544964,1067.1,2000,SELL
2017-01-01D23:14:40.259813,1068.47,3000,BUY
2017-01-01D23:14:40.259813,1068.49,2000,BUY
2017-01-01D23:15:14.378953,1066.52,3000,SELL
2017-01-01D23:15:18.591978,1065.01,500,SELL
2017-01-01D23:15:18.591978,1065,1500,SELL
2017-01-01D23:15:25.599681,1063.72,500,SELL
2017-01-01D23:15:25.599681,1063.71,2000,SELL
2017-01-01D23:15:25.599681,1063,4000,SELL
2017-01-01D23:15:25.599681,1062.76,7000,SELL
2017-01-01D23:15:43.041353,1063.49,25000,SELL
2017-01-01D23:15:53.562583,1065.42,5000,BUY
2017-01-01D23:16:25.198862,1066.29,500,BUY
2017-01-01D23:16:25.198862,1066.3,3000,BUY
2017-01-01D23:16:25.198862,1066.62,1500,BUY
2017-01-01D23:16:25.741510,1066.62,6000,BUY
2017-01-01D23:16:29.639409,1066.66,500,BUY
2017-01-01D23:16:29.639409,1066.81,9500,BUY
2017-01-01D23:16:42.822244,1064.69,25000,SELL
2017-01-01D23:16:42.822244,1064.48,500,SELL
2017-01-01D23:16:42.822244,1064,5000,SELL
2017-01-01D23:16:42.822244,1063.4,9500,SELL
2017-01-01D23:20:14.069067,1068.08,2000,BUY
2017-01-01D23:20:19.898519,1068.98,3000,BUY
2017-01-01D23:20:58.561573,1068.96,15860,SELL
2017-01-01D23:21:16.509171,1068.08,3000,SELL
2017-01-01D23:21:16.509171,1068.06,12860,SELL
2017-01-01D23:22:00.385577,1067.67,5000,SELL
2017-01-01D23:22:00.385577,1067.24,3000,SELL
2017-01-01D23:22:00.385577,1067.23,7860,SELL
2017-01-01D23:38:50.246077,1070.01,200,SELL
2017-01-01D23:38:56.502764,1069.52,200,BUY
2017-01-01D23:44:06.558964,1067.62,500,BUY
2017-01-01D23:44:06.558964,1067.63,3000,BUY
2017-01-01D23:44:06.558964,1068.62,8500,BUY
2017-01-01D23:49:58.776411,1066.55,3000,BUY
2017-01-01D23:49:58.776411,1066.56,2495,BUY
2017-01-01D23:50:33.856302,1064.49,1000,SELL
2017-01-01D23:56:07.178153,1066.66,5000,SELL
2017-01-01D23:56:27.566685,1067.18,3000,BUY
2017-01-01D23:56:27.566685,1067.19,2000,BUY
2017-01-02D00:01:33.884846,1068.99,3000,BUY
2017-01-02D00:01:33.884846,1069.01,2000,BUY
2017-01-02D00:06:18.373637,1068.69,3000,SELL
2017-01-02D00:06:18.373637,1068.68,5000,SELL
2017-01-02D00:06:18.373637,1067.24,25000,SELL
2017-01-02D00:06:18.373637,1066.62,500,SELL
2017-01-02D00:06:18.373637,1066.13,16500,SELL
2017-01-02D00:10:28.359602,1067.81,6000,SELL
2017-01-02D00:11:15.294678,1067.67,5000,SELL
2017-01-02D00:13:33.958879,1067,1000,SELL
2017-01-02D00:15:38.006150,1064.57,500,SELL
2017-01-02D00:15:38.006150,1064.56,360,SELL
2017-01-02D00:16:15.201473,1064.09,500,SELL
2017-01-02D00:16:15.201473,1064.08,3000,SELL
2017-01-02D00:16:15.201473,1064,10000,SELL
2017-01-02D00:17:48.100804,1065.47,3000,BUY
2017-01-02D00:21:56.381761,1065.45,10000,BUY
2017-01-02D00:23:43.084135,1063.32,500,SELL
2017-01-02D00:23:43.084135,1063.31,55,SELL
2017-01-02D00:31:00.272296,1065.02,3000,SELL
2017-01-02D00:31:00.272296,1065,5000,SELL
2017-01-02D00:36:45.439997,1065.5,1000,BUY
2017-01-02D00:38:13.107043,1065.5,5000,BUY
2017-01-02D00:42:16.973006,1065.5,5000,BUY
2017-01-02D00:45:15.766344,1065.26,500,SELL
2017-01-02D00:45:15.766344,1065.25,24500,SELL
2017-01-02D00:45:54.584067,1065.48,8949,BUY
2017-01-02D00:46:16.511653,1065.48,39,BUY
2017-01-02D00:46:26.844098,1065.48,1,BUY
2017-01-02D00:46:30.356652,1065.48,1,BUY
2017-01-02D00:46:34.081033,1065.48,1,BUY
2017-01-02D00:46:38.021349,1065.48,1,BUY
2017-01-02D00:50:27.378061,1065.5,4000,BUY
2017-01-02D00:50:27.378061,1065.66,3000,BUY
2017-01-02D00:50:27.378061,1065.67,8000,BUY
2017-01-02D00:50:31.928332,1065.27,3000,SELL
2017-01-02D00:50:31.928332,1065.25,500,SELL
2017-01-02D00:53:40.227479,1064.37,200,SELL
2017-01-02D00:53:54.163667,1063.37,200,SELL
2017-01-02D00:53:59.848321,1061.65,500,SELL
2017-01-02D00:53:59.848321,1061.64,3000,SELL
2017-01-02D00:53:59.848321,1061.63,2000,SELL
2017-01-02D00:53:59.848321,1060.63,3492,SELL
2017-01-02D00:54:00.305054,1060.63,21508,SELL
2017-01-02D00:54:00.305054,1060.1,2000,SELL
2017-01-02D00:54:00.305054,1059.69,1492,SELL
2017-01-02D00:54:00.305054,1059.69,3000,SELL
2017-01-02D00:54:05.170353,1060.61,500,SELL
2017-01-02D00:54:05.170353,1060.6,1500,SELL
2017-01-02D00:54:35.130935,1061.22,1000,SELL
2017-01-02D00:55:27.968939,1061.52,3000,SELL
2017-01-02D00:55:27.968939,1061.51,25000,SELL
2017-01-02D00:55:27.968939,1061.31,500,SELL
2017-01-02D00:55:27.968939,1061.25,10000,SELL
2017-01-02D00:55:29.625577,1061,11500,BUY
2017-01-02D00:55:52.705107,1061.68,10000,BUY
2017-01-02D00:55:56.074881,1061.68,7000,BUY
2017-01-02D00:55:56.074881,1061.68,3000,BUY
2017-01-02D00:55:59.061016,1061.15,3000,SELL
2017-01-02D00:55:59.061016,1061.14,500,SELL
2017-01-02D00:55:59.061016,1061.13,21500,SELL
2017-01-02D00:57:01.532739,1061.41,320,SELL
2017-01-02D00:59:30.158895,1061.26,3000,SELL
2017-01-02D00:59:30.158895,1061.24,10000,SELL
2017-01-02D00:59:30.158895,1061.03,3000,SELL
2017-01-02D01:00:28.424400,1062.5,500,BUY
2017-01-02D01:00:28.424400,1062.51,3000,BUY
2017-01-02D01:00:28.424400,1062.93,12500,BUY
2017-01-02D01:01:57.122633,1061.5,2010,SELL
2017-01-02D01:02:03.733369,1060.61,3000,SELL
2017-01-02D01:02:03.733369,1060.6,2000,SELL
2017-01-02D01:02:49.296986,1060.61,3000,SELL
2017-01-02D01:02:49.296986,1060.6,17000,SELL
2017-01-02D01:04:36.332746,1061.4,3000,BUY
2017-01-02D01:04:36.332746,1061.41,2992,BUY
2017-01-02D01:06:17.981591,1061.11,10000,SELL
2017-01-02D01:06:54.849845,1060.61,3000,SELL
2017-01-02D01:07:17.987589,1060.8,3000,BUY
2017-01-02D01:07:17.987589,1060.81,1000,BUY
2017-01-02D01:07:31.731746,1060,100,SELL
2017-01-02D01:07:31.731746,1059.67,2900,SELL
2017-01-02D01:14:34.434386,1061.01,3000,SELL
2017-01-02D01:14:34.434386,1061,2000,SELL
2017-01-02D01:14:59.559409,1061.02,60,SELL
2017-01-02D01:15:19.403763,1061.87,1000,BUY
2017-01-02D01:17:04.375791,1061.02,2940,SELL
2017-01-02D01:17:04.375791,1061,3052,SELL
2017-01-02D01:17:38.508044,1061,19948,SELL
2017-01-02D01:18:18.037687,1059.98,3000,BUY
2017-01-02D01:18:18.037687,1060,1000,BUY
2017-01-02D01:20:39.040338,1060.02,3000,SELL
2017-01-02D01:20:39.040338,1060,1000,SELL
2017-01-02D01:20:39.040338,1059.98,25000,SELL
2017-01-02D01:20:39.040338,1059.09,1000,SELL
2017-01-02D01:21:02.222323,1060,10000,SELL
2017-01-02D01:25:19.191480,1059,1000,SELL
2017-01-02D01:25:31.320824,1058.22,2000,SELL
2017-01-02D01:25:31.320824,1057.92,500,SELL
2017-01-02D01:25:35.163728,1057.47,2000,SELL
2017-01-02D01:25:35.163728,1057.47,16000,SELL
2017-01-02D01:25:41.696956,1057.23,25000,SELL
2017-01-02D01:25:41.696956,1056.82,500,SELL
2017-01-02D01:25:41.696956,1056.41,5500,SELL
2017-01-02D01:25:57.842952,1058.66,3000,BUY
2017-01-02D01:25:57.842952,1058.68,500,BUY
2017-01-02D01:25:57.842952,1058.85,1792,BUY
2017-01-02D01:26:26.636807,1059.44,6,BUY
2017-01-02D01:26:33.080017,1059.3,6,BUY
2017-01-02D01:26:37.703359,1059.49,6,BUY
2017-01-02D01:26:52.433963,1059.36,1,BUY
2017-01-02D01:26:55.573325,1059.36,1,BUY
2017-01-02D01:27:13.794366,1059.33,3000,BUY
2017-01-02D01:27:13.794366,1059.35,22000,BUY
2017-01-02D01:27:18.022988,1059.67,25000,BUY
2017-01-02D01:27:26.458408,1059.97,500,BUY
2017-01-02D01:27:26.458408,1059.98,24500,BUY
2017-01-02D01:32:43.475577,1060.15,1000,BUY
2017-01-02D01:32:43.475577,1060.88,3000,BUY
2017-01-02D01:32:43.475577,1060.89,500,BUY
2017-01-02D01:32:43.872039,1061,9000,SELL
2017-01-02D01:32:51.499851,1061.12,2000,BUY
2017-01-02D01:32:51.499851,1061.86,500,BUY
2017-01-02D01:32:51.499851,1061.88,22500,BUY
2017-01-02D01:34:07.756043,1062.01,1500,SELL
2017-01-02D01:34:45.289977,1062.82,3000,BUY
2017-01-02D01:34:54.071037,1063.18,500,BUY
2017-01-02D01:34:54.071037,1063.19,3500,BUY
2017-01-02D01:44:06.525806,1063.5,3000,BUY
2017-01-02D01:44:06.525806,1063.51,7000,BUY
2017-01-02D01:44:42.513024,1063.51,600,BUY
2017-01-02D01:44:46.629930,1063.51,2000,BUY
2017-01-02D01:44:47.926971,1063.51,400,BUY
2017-01-02D01:44:54.010188,1064.17,2000,BUY
2017-01-02D01:44:59.438799,1064.17,2000,BUY
2017-01-02D01:45:04.422582,1064.17,2000,BUY
2017-01-02D01:45:45.646832,1064.17,600,BUY
2017-01-02D01:47:12.320002,1064.17,4000,BUY
2017-01-02D01:48:41.335314,1064.17,6400,BUY
2017-01-02D01:50:47.040073,1064.52,2000,BUY
2017-01-02D01:50:53.843129,1064.21,66,SELL
2017-01-02D01:53:41.462033,1064.55,3000,SELL
2017-01-02D01:53:41.462033,1064.55,500,SELL
2017-01-02D01:53:41.462033,1064.54,2000,SELL
2017-01-02D01:56:32.121093,1064.38,3000,BUY
2017-01-02D01:56:32.121093,1064.39,25000,BUY
2017-01-02D01:56:32.121093,1064.43,5000,BUY
2017-01-02D01:56:32.121093,1064.55,9000,BUY
2017-01-02D01:56:35.698177,1065,18000,SELL
2017-01-02D01:57:59.008470,1065.48,3000,BUY
2017-01-02D01:57:59.008470,1065.49,25000,BUY
2017-01-02D01:57:59.008470,1065.67,7000,BUY
2017-01-02D01:58:00.109495,1066,25000,SELL
2017-01-02D01:58:05.677093,1066,15000,SELL
2017-01-02D01:59:49.531404,1066.14,1000,BUY
2017-01-02D02:00:04.205425,1066.14,1000,BUY
2017-01-02D02:00:21.832448,1066.14,6860,BUY
2017-01-02D02:00:21.832448,1066.59,13140,BUY
2017-01-02D02:00:39.544719,1066.74,3000,BUY
2017-01-02D02:06:05.380127,1067.3,2400,SELL
2017-01-02D02:06:06.001575,1067.26,500,BUY
2017-01-02D02:06:06.001575,1067.27,22600,BUY
2017-01-02D02:06:06.001575,1067.39,1900,BUY
2017-01-02D02:06:12.983974,1066.01,3000,SELL
2017-01-02D02:06:12.983974,1066,22000,SELL
2017-01-02D02:06:30.421480,1067.31,3000,BUY
2017-01-02D02:06:30.421480,1067.32,500,BUY
2017-01-02D02:10:41.958606,1066.02,3000,SELL
2017-01-02D02:14:34.614631,1066.95,3000,BUY
2017-01-02D02:14:34.614631,1066.96,25000,BUY
2017-01-02D02:14:34.614631,1067.4,2000,BUY
2017-01-02D02:14:34.614631,1067.87,25000,BUY
2017-01-02D02:14:34.614631,1067.99,500,BUY
2017-01-02D02:14:35.904583,1068.07,19500,SELL
2017-01-02D02:14:39.882547,1067.46,5500,BUY
2017-01-02D02:14:40.966653,1068.07,25000,SELL
2017-01-02D02:14:45.601966,1068.07,25000,SELL
2017-01-02D02:16:55.546877,1068.72,3000,BUY
2017-01-02D02:16:55.546877,1068.73,25000,BUY
2017-01-02D02:16:55.546877,1069.62,25000,BUY
2017-01-02D02:16:55.546877,1069.7,200,BUY
2017-01-02D02:16:55.546877,1069.85,2000,BUY
2017-01-02D02:16:55.546877,1069.89,9760,BUY
2017-01-02D02:16:56.083868,1070,10040,SELL
2017-01-02D02:17:00.200362,1069.26,4000,BUY
2017-01-02D02:30:07.560601,1068.5,1000,BUY
2017-01-02D02:33:19.705223,1068.5,4,BUY
2017-01-02D02:34:26.313005,1068.5,5,BUY
2017-01-02D02:38:25.376843,1067.68,1000,SELL
2017-01-02D02:38:41.312613,1069,91,BUY
2017-01-02D02:38:41.312613,1069.25,13909,BUY
2017-01-02D02:40:50.210795,1069.57,3000,SELL
2017-01-02D02:40:50.210795,1069.56,25000,SELL
2017-01-02D02:40:50.210795,1068.7,4000,SELL
2017-01-02D02:41:07.677117,1070.98,500,BUY
2017-01-02D02:41:07.677117,1070.99,3000,BUY
2017-01-02D02:41:17.838708,1071.65,500,BUY
2017-01-02D02:41:17.838708,1071.66,2000,BUY
2017-01-02D02:41:34.440446,1075,500,BUY
2017-01-02D02:41:34.440446,1075.01,1500,BUY
2017-01-02D02:41:45.402058,1075,5000,SELL
2017-01-02D02:42:22.629295,1075.37,13298,BUY
2017-01-02D02:42:22.629295,1075.77,6702,BUY
2017-01-02D02:43:29.939251,1074.71,3000,SELL
2017-01-02D02:43:29.939251,1074.7,1000,SELL
2017-01-02D02:44:06.714096,1074.4,20000,BUY
2017-01-02D02:46:54.456354,1076.15,1000,BUY
2017-01-02D02:47:09.381395,1076.43,2000,BUY
2017-01-02D02:48:54.242821,1077.81,4000,BUY
2017-01-02D02:49:36.459185,1078.6,2000,BUY
2017-01-02D02:49:40.207368,1079,1000,BUY
2017-01-02D02:49:40.207368,1079,1000,BUY
2017-01-02D02:49:40.207368,1079,710,BUY
2017-01-02D02:49:40.207368,1079.32,500,BUY
2017-01-02D02:49:40.207368,1079.37,13298,BUY
2017-01-02D02:49:40.207368,1079.42,8492,BUY
2017-01-02D02:49:58.357038,1079.67,2000,BUY
2017-01-02D02:51:34.527990,1078.87,20000,BUY
2017-01-02D02:52:27.532317,1079.01,200,BUY
2017-01-02D02:52:27.532317,1079.02,200,BUY
2017-01-02D02:52:27.532317,1080,1000,BUY
2017-01-02D02:52:27.532317,1080.1,100,BUY
2017-01-02D02:52:30.141825,1080.09,25000,BUY
2017-01-02D02:52:30.141825,1080.41,500,BUY
2017-01-02D02:52:30.141825,1081,2000,BUY
2017-01-02D02:52:30.141825,1081.12,22500,BUY
2017-01-02D02:52:30.141825,1081.12,2000,BUY
2017-01-02D02:53:15.185532,1080.14,200,BUY
2017-01-02D02:53:15.185532,1080.39,24800,BUY
2017-01-02D02:53:41.362595,1080,4000,BUY
2017-01-02D02:53:43.898329,1080,8000,BUY
2017-01-02D02:54:03.068853,1080,600,BUY
2017-01-02D02:54:07.329773,1080,7400,BUY
2017-01-02D02:54:08.717927,1081.4,2000,BUY
2017-01-02D02:54:45.863801,1081.41,300,BUY
2017-01-02D02:55:18.628796,1081.42,300,BUY
2017-01-02D02:55:56.606165,1082.06,15000,BUY
2017-01-02D02:56:21.931684,1082.37,300,BUY
2017-01-02D02:57:34.524383,1082,900,SELL
2017-01-02D02:57:46.915110,1082,25000,SELL
2017-01-02D02:57:48.855516,1082.3,20000,BUY
2017-01-02D02:57:48.855516,1082.45,30000,BUY
2017-01-02D02:57:55.720600,1082,24100,SELL
2017-01-02D02:57:56.310316,1081.99,900,BUY
2017-01-02D02:57:56.310316,1082.45,10000,BUY
2017-01-02D02:57:56.310316,1082.5,206,BUY
2017-01-02D02:57:56.310316,1083,710,BUY
2017-01-02D02:58:00.604481,1083,25000,SELL
2017-01-02D02:58:05.541531,1083,13184,SELL
2017-01-02D02:58:13.783592,1082.83,3000,BUY
2017-01-02D02:58:37.715754,1080.52,500,SELL
2017-01-02D02:58:37.715754,1080.51,1500,SELL
2017-01-02D02:58:47.274928,1082.95,25000,BUY
2017-01-02D02:59:59.745694,1083,1000,SELL
2017-01-02D03:00:29.168458,1083,3000,SELL
2017-01-02D03:00:30.546277,1083,21000,SELL
2017-01-02D03:00:41.035013,1080.46,1000,SELL
2017-01-02D03:00:50.293214,1082,25000,SELL
2017-01-02D03:01:16.010204,1082,200,SELL
2017-01-02D03:01:20.365676,1082,200,SELL
2017-01-02D03:01:21.381489,1082,14500,SELL
2017-01-02D03:05:48.222252,1083,16782,SELL
2017-01-02D03:05:53.684267,1083,200,SELL
2017-01-02D03:06:05.677366,1083,15000,SELL
2017-01-02D03:06:20.375022,1083,200,SELL
2017-01-02D03:06:47.231180,1083,5000,SELL
2017-01-02D03:07:35.260699,1083,10000,SELL
2017-01-02D03:07:45.001105,1083,2000,SELL
2017-01-02D03:08:14.188082,1083.03,8000,BUY
2017-01-02D03:09:57.340813,1083.65,800,BUY
2017-01-02D03:09:59.815505,1083.65,2500,BUY
2017-01-02D03:10:00.639969,1083.65,500,BUY
2017-01-02D03:10:35.325311,1083.65,2200,BUY
2017-01-02D03:10:35.325311,1083.85,1800,BUY
2017-01-02D03:11:18.326180,1084.61,3000,BUY
2017-01-02D03:11:25.556561,1084.81,1000,BUY
2017-01-02D03:12:08.743499,1084,500,SELL
2017-01-02D03:12:08.743499,1083.56,2000,SELL
2017-01-02D03:12:53.521587,1083.54,2500,BUY
2017-01-02D03:14:07.489718,1083,818,SELL
2017-01-02D03:18:49.224511,1083.59,500,BUY
2017-01-02D03:18:56.522139,1083.59,500,SELL
2017-01-02D03:20:08.778121,1083,25000,SELL
2017-01-02D03:20:21.649789,1083.46,25000,BUY
2017-01-02D03:20:21.649789,1084.43,25000,BUY
2017-01-02D03:20:21.649789,1085,4660,BUY
2017-01-02D03:20:30.570707,1085.37,10,BUY
2017-01-02D03:24:09.118589,1085.37,2700,BUY
2017-01-02D03:25:36.648252,1085,400,SELL
2017-01-02D03:26:32.505384,1085.37,400,BUY
2017-01-02D03:26:54.526775,1085.37,2,BUY
2017-01-02D03:26:54.526775,1086,10,BUY
2017-01-02D03:26:54.526775,1086.29,388,BUY
2017-01-02D03:27:11.804765,1086.99,500,BUY
2017-01-02D03:27:11.804765,1087,1000,BUY
2017-01-02D03:27:11.804765,1088.49,500,BUY
2017-01-02D03:27:11.804765,1088.73,2000,BUY
2017-01-02D03:27:11.804765,1089,1000,BUY
2017-01-02D03:27:11.804765,1089,1000,BUY
2017-01-02D03:27:11.804765,1089,4940,BUY
2017-01-02D03:27:11.804765,1089.37,13298,BUY
2017-01-02D03:27:11.804765,1089.42,500,BUY
2017-01-02D03:27:11.804765,1090,262,BUY
2017-01-02D03:32:01.196055,1087,50000,SELL
2017-01-02D03:32:02.197101,1089.97,500,BUY
2017-01-02D03:32:53.354362,1085.01,500,SELL
2017-01-02D03:32:53.354362,1085,500,SELL
2017-01-02D03:32:57.844643,1086.56,5000,SELL
2017-01-02D03:33:05.753129,1086.56,425,SELL
2017-01-02D03:33:05.753129,1085,575,SELL
2017-01-02D03:33:06.602434,1085,8000,SELL
2017-01-02D03:33:07.077640,1085,200,SELL
2017-01-02D03:33:09.355108,1085,1000,SELL
2017-01-02D03:33:14.922684,1085,3300,SELL
2017-01-02D03:33:19.618805,1085,30000,SELL
2017-01-02D03:33:23.378226,1085,1000,SELL
2017-01-02D03:33:30.472541,1085,365,SELL
2017-01-02D03:33:30.472541,1084.09,35,SELL
2017-01-02D03:33:44.841984,1084.09,465,SELL
2017-01-02D03:33:44.841984,1084.08,2000,SELL
2017-01-02D03:33:44.841984,1081.66,500,SELL
2017-01-02D03:33:44.841984,1080.51,2500,SELL
2017-01-02D03:33:44.841984,1080.2,535,SELL
2017-01-02D03:39:49.779904,1085.97,200,BUY
2017-01-02D03:39:49.779904,1085.97,300,BUY
2017-01-02D03:40:10.474870,1085.98,500,BUY
2017-01-02D03:40:19.918838,1085.96,200,BUY
2017-01-02D03:40:19.918838,1085.97,200,BUY
2017-01-02D03:40:19.918838,1085.98,100,BUY
2017-01-02D03:40:26.391395,1085.98,400,BUY
2017-01-02D03:40:26.391395,1086,100,BUY
2017-01-02D03:40:38.868715,1086,500,BUY
2017-01-02D03:41:32.936287,1086,300,BUY
2017-01-02D03:42:20.665100,1086,100,BUY
2017-01-02D03:46:17.804308,1082,500,SELL
2017-01-02D03:46:17.804308,1081.02,41,SELL
2017-01-02D03:48:56.694145,1084.73,2000,BUY
2017-01-02D03:52:27.462900,1084.01,500,SELL
2017-01-02D03:52:27.462900,1084,2209,SELL
2017-01-02D03:52:37.954506,1084.73,550,BUY
2017-01-02D03:52:37.954506,1084.73,4500,BUY
2017-01-02D03:54:47.311982,1084,1083,SELL
2017-01-02D03:55:08.142947,1084.4,2565,SELL
2017-01-02D03:55:08.142947,1084,6708,SELL
2017-01-02D03:55:08.142947,1083.5,500,SELL
2017-01-02D03:55:08.142947,1082,227,SELL
2017-01-02D03:55:12.465749,1082.01,500,SELL
2017-01-02D03:55:12.465749,1082,1500,SELL
2017-01-02D03:56:45.144272,1084.99,10,BUY
2017-01-02D03:57:59.860448,1082,10000,SELL
2017-01-02D03:59:30.835610,1082,18273,SELL
2017-01-02D03:59:30.835610,1082,500,SELL
2017-01-02D03:59:30.835610,1081.87,500,SELL
2017-01-02D03:59:30.835610,1081.01,2000,SELL
2017-01-02D03:59:30.835610,1081,1000,SELL
2017-01-02D04:01:06.086737,1078.53,500,SELL
2017-01-02D04:01:06.086737,1077.07,2000,SELL
2017-01-02D04:01:10.193225,1077.54,500,SELL
2017-01-02D04:01:10.193225,1076.16,1510,SELL
2017-01-02D04:01:10.193225,1076.16,8000,SELL
2017-01-02D04:01:25.625047,1080,2000,BUY
2017-01-02D04:01:38.232693,1080,727,BUY
2017-01-02D04:01:38.232693,1081.13,500,BUY
2017-01-02D04:01:38.232693,1082.42,773,BUY
2017-01-02D04:02:42.007520,1077.92,100,SELL
2017-01-02D04:05:26.502576,1077.92,100,SELL
2017-01-02D04:05:26.502576,1077.31,500,SELL
2017-01-02D04:05:26.502576,1077.3,3400,SELL
2017-01-02D04:05:50.851351,1077.3,10600,SELL
2017-01-02D04:05:53.355586,1077.19,2000,SELL
2017-01-02D04:06:22.312007,1075.21,500,SELL
2017-01-02D04:06:22.312007,1075.2,1000,SELL
2017-01-02D04:06:25.133163,1073.05,20000,SELL
2017-01-02D04:07:46.929484,1077,30,BUY
2017-01-02D04:07:51.673651,1077,30,BUY
2017-01-02D04:07:54.062816,1077,30,BUY
2017-01-02D04:07:56.638055,1077,30,BUY
2017-01-02D04:07:59.304687,1077,30,BUY
2017-01-02D04:13:18.308844,1075.5,500,BUY
2017-01-02D04:13:19.410087,1075.5,1500,BUY
2017-01-02D04:13:19.410087,1076.99,4500,BUY
2017-01-02D04:13:56.425262,1076.99,10000,BUY
2017-01-02D04:14:30.446560,1076.99,2500,BUY
2017-01-02D04:27:12.711856,1077.08,500,SELL
2017-01-02D04:27:12.711856,1077.07,2500,SELL
2017-01-02D04:28:50.195506,1077.77,2000,SELL
2017-01-02D04:37:52.933289,1080,5500,BUY
2017-01-02D04:38:20.178672,1080,4500,BUY
2017-01-02D04:38:43.994237,1081,600,BUY
2017-01-02D04:38:51.950894,1081,710,BUY
2017-01-02D04:40:23.420580,1081.1,2000,SELL
2017-01-02D04:40:23.420580,1081,290,SELL
2017-01-02D04:40:23.420580,1079,419,SELL
2017-01-02D04:41:39.122535,1081.99,500,BUY
2017-01-02D04:41:39.122535,1082,9500,BUY
2017-01-02D04:44:47.038552,1081.59,5418,SELL
2017-01-02D04:45:03.873529,1081.59,541,SELL
2017-01-02D04:53:50.836371,1081.99,100,BUY
2017-01-02D04:55:20.313760,1081.59,41,SELL
2017-01-02D04:55:20.313760,1080,500,SELL
2017-01-02D04:56:43.463096,1082,45000,BUY
2017-01-02D04:59:05.429162,1082,9500,BUY
2017-01-02D05:05:18.805222,1082,1000,BUY
2017-01-02D05:06:09.681769,1082.42,2000,BUY
2017-01-02D05:09:45.775260,1080,81,SELL
2017-01-02D05:09:45.775260,1078.04,200,SELL
2017-01-02D05:09:45.775260,1077.77,1,SELL
2017-01-02D05:09:45.775260,1077.73,500,SELL
2017-01-02D05:09:45.775260,1076.36,2000,SELL
2017-01-02D05:09:45.775260,1075.89,25000,SELL
2017-01-02D05:09:45.775260,1075.36,500,SELL
2017-01-02D05:09:45.775260,1075.08,6718,SELL
2017-01-02D05:09:50.135197,1076.12,500,SELL
2017-01-02D05:09:50.135197,1076.11,2000,SELL
2017-01-02D05:09:50.135197,1076.1,7500,SELL
2017-01-02D05:11:35.643189,1076.26,350,BUY
2017-01-02D05:11:59.722074,1076.11,10000,BUY
2017-01-02D05:13:21.300567,1076.31,9000,BUY
2017-01-02D05:13:56.353826,1076.31,6000,BUY
2017-01-02D05:13:56.749546,1076.31,19000,BUY
2017-01-02D05:13:56.749546,1077.15,6000,BUY
2017-01-02D05:20:13.252573,1079.48,2500,SELL
2017-01-02D05:20:46.555560,1079.79,500,BUY
2017-01-02D05:24:11.780333,1079.82,500,BUY
2017-01-02D05:24:11.780333,1079.83,500,BUY
2017-01-02D05:33:59.583106,1081.81,2500,SELL
2017-01-02D05:35:05.140228,1080,1000,SELL
2017-01-02D05:46:50.619595,1079.4,1,SELL
2017-01-02D05:47:54.474713,1080.71,500,BUY
2017-01-02D05:48:10.737266,1080.93,500,BUY
2017-01-02D05:48:39.291078,1081.98,500,BUY
2017-01-02D05:48:39.291078,1081.99,2000,BUY
2017-01-02D05:58:09.342059,1079.45,125,SELL
2017-01-02D05:58:09.342059,1079.4,999,SELL
2017-01-02D05:58:09.342059,1079.3,1000,SELL
2017-01-02D05:58:09.342059,1079.22,5000,SELL
2017-01-02D05:58:09.700830,1079.22,1001,BUY
2017-01-02D05:58:14.891230,1079.22,1001,BUY
2017-01-02D05:58:20.820438,1079.2,874,SELL
2017-01-02D05:58:27.937838,1079.2,126,SELL
2017-01-02D05:58:27.937838,1079.1,1000,SELL
2017-01-02D05:58:27.937838,1079.1,1000,SELL
2017-01-02D05:58:27.937838,1079.1,1000,SELL
2017-01-02D05:58:27.937838,1079.1,1000,SELL
2017-01-02D05:58:45.187286,1078.13,5874,SELL
2017-01-02D06:16:47.712259,1081.63,500,BUY
2017-01-02D06:16:47.712259,1081.69,500,BUY
2017-01-02D06:16:47.712259,1081.7,3000,BUY
2017-01-02D06:18:01.080310,1082.25,500,BUY
2017-01-02D06:18:01.080310,1082.26,2000,BUY
2017-01-02D06:18:09.077371,1084.86,500,BUY
2017-01-02D06:18:09.077371,1086,710,BUY
2017-01-02D06:18:09.077371,1086,22410,BUY
2017-01-02D06:18:41.510196,1086.59,500,BUY
2017-01-02D06:18:41.510196,1087.16,1500,BUY
2017-01-02D06:19:09.109796,1087.12,500,BUY
2017-01-02D06:19:09.109796,1088.83,6380,BUY
2017-01-02D06:19:54.058354,1083.58,500,SELL
2017-01-02D06:19:54.058354,1083.57,2000,SELL
2017-01-02D06:19:54.058354,1081.17,209,SELL
2017-01-02D06:22:14.777687,1081.19,500,SELL
2017-01-02D06:22:14.777687,1081.18,2000,SELL
2017-01-02D06:22:14.777687,1080,209,SELL
2017-01-02D06:22:31.819801,1080.03,500,SELL
2017-01-02D06:22:31.819801,1080.02,2000,SELL
2017-01-02D06:22:31.819801,1079.79,209,SELL
2017-01-02D06:22:40.166910,1079.8,500,SELL
2017-01-02D06:22:40.166910,1079.79,2209,SELL
2017-01-02D06:23:31.940192,1079.79,541,SELL
2017-01-02D06:23:39.867424,1079.79,1083,SELL
2017-01-02D06:26:16.358924,1083.82,500,BUY
2017-01-02D06:26:16.358924,1083.83,5000,BUY
2017-01-02D06:26:16.358924,1084,4500,BUY
2017-01-02D06:29:56.296510,1081.81,468,SELL
2017-01-02D06:29:56.296510,1081.11,73,SELL
2017-01-02D06:31:04.237718,1081.65,200,BUY
2017-01-02D06:31:24.163185,1081.86,200,BUY
2017-01-02D06:31:46.397349,1081.56,200,BUY
2017-01-02D06:31:46.538807,1081.11,541,SELL
2017-01-02D06:31:49.281120,1081.11,200,SELL
2017-01-02D06:31:49.564807,1081.11,200,SELL
2017-01-02D06:31:52.085722,1081.11,200,SELL
2017-01-02D06:31:53.744894,1081.11,200,SELL
2017-01-02D06:31:57.713007,1081.11,200,SELL
2017-01-02D06:32:01.950363,1081.11,200,SELL
2017-01-02D06:32:02.484119,1081.11,3186,SELL
2017-01-02D06:32:02.484119,1080.8,5000,SELL
2017-01-02D06:32:02.484119,1079.54,500,SELL
2017-01-02D06:32:02.484119,1077.77,1314,SELL
2017-01-02D06:43:07.151510,1077.77,500,SELL
2017-01-02D06:43:33.441439,1077.42,500,SELL
2017-01-02D06:43:33.441439,1077.38,2000,SELL
2017-01-02D06:43:33.441439,1076.49,300,SELL
2017-01-02D06:43:35.132070,1076.49,4350,SELL
2017-01-02D06:43:35.132070,1076.49,10000,SELL
2017-01-02D07:08:00.035216,1080,10002,SELL
2017-01-02D07:15:03.622140,1082.49,500,BUY
2017-01-02D07:15:03.622140,1082.5,3500,BUY
2017-01-02D07:27:53.196486,1082.82,2000,BUY
2017-01-02D07:28:34.556188,1080.01,20,SELL
2017-01-02D07:29:39.043916,1081.66,10,BUY
2017-01-02D07:29:39.043916,1082.16,10,BUY
2017-01-02D07:29:39.043916,1082.99,500,BUY
2017-01-02D07:29:39.043916,1083,656,BUY
2017-01-02D07:38:54.778542,1080.01,44,SELL
2017-01-02D07:42:21.613747,1080.01,3,SELL
2017-01-02D07:54:36.953274,1083.16,10,BUY
2017-01-02D07:54:36.953274,1085,1000,BUY
2017-01-02D07:54:36.953274,1085.42,500,BUY
2017-01-02D07:54:36.953274,1085.43,2000,BUY
2017-01-02D07:54:36.953274,1086.56,2490,BUY
2017-01-02D07:56:26.523018,1086.56,2935,BUY
2017-01-02D07:58:32.599825,1087,1000,BUY
2017-01-02D07:58:32.599825,1088.28,400,BUY
2017-01-02D07:58:32.599825,1088.36,500,BUY
2017-01-02D07:58:32.599825,1088.99,2000,BUY
2017-01-02D07:58:34.508050,1088.99,100,SELL
2017-01-02D08:00:51.522118,1085.5,10000,SELL
2017-01-02D08:01:00.964063,1085.5,541,SELL
2017-01-02D08:01:09.879636,1085.5,2709,SELL
2017-01-02D08:01:24.842591,1085.5,535,SELL
2017-01-02D08:01:29.735128,1085.5,1215,SELL
2017-01-02D08:01:29.735128,1085.2,410,SELL
2017-01-02D08:02:28.364209,1082.16,500,SELL
2017-01-02D08:02:28.364209,1082.15,4148,SELL
2017-01-02D08:10:14.644547,1083,100,BUY
2017-01-02D08:11:35.833562,1083.83,1000,BUY
2017-01-02D08:18:37.501776,1081.5,2000,SELL
2017-01-02D08:19:15.250500,1081.3,1000,SELL
2017-01-02D08:19:22.791017,1081.3,400,SELL
2017-01-02D08:19:33.018921,1081.3,5418,SELL
2017-01-02D08:19:41.566829,1081.3,8327,SELL
2017-01-02D08:19:41.566829,1081.26,1673,SELL
2017-01-02D08:19:49.270480,1080.4,1000,SELL
2017-01-02D08:19:50.702472,1080.4,1000,SELL
2017-01-02D08:19:50.813045,1080.4,8000,SELL
2017-01-02D08:19:50.813045,1080.1,500,SELL
2017-01-02D08:19:50.813045,1078.83,1500,SELL
2017-01-02D08:19:55.150343,1076.87,500,SELL
2017-01-02D08:19:55.150343,1076.4,2000,SELL
2017-01-02D08:19:55.150343,1076.1,2500,SELL
2017-01-02D08:20:07.366940,1076.13,500,SELL
2017-01-02D08:20:07.366940,1076.12,2000,SELL
2017-01-02D08:20:07.366940,1076.1,7500,SELL
2017-01-02D08:25:09.876622,1076.11,500,SELL
2017-01-02D08:25:09.876622,1076.1,7500,SELL
2017-01-02D08:25:09.876622,1075.73,2000,SELL
2017-01-02D08:25:38.599974,1074.19,500,SELL
2017-01-02D08:25:38.599974,1074.18,2000,SELL
2017-01-02D08:25:38.599974,1074,1500,SELL
2017-01-02D08:25:40.137366,1074,723,SELL
2017-01-02D08:25:40.137366,1073.95,9277,SELL
2017-01-02D08:26:11.529855,1073.16,500,SELL
2017-01-02D08:26:11.529855,1072.43,25000,SELL
2017-01-02D08:26:11.529855,1071.54,2000,SELL
2017-01-02D08:26:11.529855,1071.43,1500,SELL
2017-01-02D08:26:33.408351,1073.49,1000,BUY
2017-01-02D08:26:33.535497,1071.49,500,SELL
2017-01-02D08:27:23.011158,1073,10000,SELL
2017-01-02D08:27:23.011158,1072.9,25000,SELL
2017-01-02D08:29:38.101965,1073.5,7,SELL
2017-01-02D08:29:58.314322,1073.5,10110,SELL
2017-01-02D08:29:58.314322,1073,5000,SELL
2017-01-02D08:31:29.802252,1074.57,400,BUY
2017-01-02D08:31:56.307877,1074.57,500,BUY
2017-01-02D08:31:56.808238,1074.57,500,BUY
2017-01-02D08:31:57.398733,1074.57,500,BUY
2017-01-02D08:31:57.861890,1074.57,500,BUY
2017-01-02D08:31:58.815062,1074.57,500,BUY
2017-01-02D08:31:59.324058,1074.57,500,BUY
2017-01-02D08:32:14.118500,1074.57,25000,BUY
2017-01-02D08:33:23.877412,1074.32,500,SELL
2017-01-02D08:33:23.877412,1074.31,500,SELL
2017-01-02D08:34:09.780873,1074.57,1000,BUY
2017-01-02D08:34:56.369927,1074.57,400,BUY
2017-01-02D08:35:01.016747,1074.57,200,BUY
2017-01-02D08:35:41.339246,1076.48,500,BUY
2017-01-02D08:35:43.613254,1076.49,500,BUY
2017-01-02D08:35:45.013554,1076.49,500,BUY
2017-01-02D08:35:54.122599,1076.94,500,BUY
2017-01-02D08:50:06.376601,1076.3,200,BUY
2017-01-02D08:50:16.663030,1076.3,200,BUY
2017-01-02D08:52:38.657429,1076.06,200,BUY
2017-01-02D08:53:38.247015,1076.03,200,BUY
2017-01-02D08:53:39.848129,1076,200,BUY
2017-01-02D08:53:40.835994,1076,200,BUY
2017-01-02D08:54:09.232160,1076.16,1000,BUY
2017-01-02D08:54:13.078843,1076.12,1000,BUY
2017-01-02D08:55:41.346449,1075.82,3000,BUY
2017-01-02D08:57:09.159393,1076.76,500,BUY
2017-01-02D09:03:51.887967,1076.48,17400,SELL
2017-01-02D09:09:14.965506,1075.32,400,SELL
2017-01-02D09:09:14.965506,1074.55,500,SELL
2017-01-02D09:09:14.965506,1074.54,2000,SELL
2017-01-02D09:09:14.965506,1074.24,7100,SELL
2017-01-02D09:09:44.787770,1075.83,16,BUY
2017-01-02D09:11:56.306322,1075.4,1,SELL
2017-01-02D09:16:33.108279,1077.95,500,SELL
2017-01-02D09:17:17.211025,1078.07,100,SELL
2017-01-02D09:21:04.421303,1078.9,500,BUY
2017-01-02D09:21:04.421303,1078.91,2000,BUY
2017-01-02D09:24:26.822381,1079.99,500,BUY
2017-01-02D09:24:26.822381,1080,15000,BUY
2017-01-02D09:25:29.747887,1081.72,200,BUY
2017-01-02D09:25:31.559968,1081.72,200,BUY
2017-01-02D09:29:00.514370,1081.33,1,BUY
2017-01-02D09:29:05.489165,1081.33,1,BUY
2017-01-02D09:29:13.907175,1081.54,1,BUY
2017-01-02D09:29:21.305113,1081.8,1,BUY
2017-01-02D09:29:27.498954,1081.39,11,BUY
2017-01-02D09:29:29.957071,1081.39,11,BUY
2017-01-02D09:29:32.261037,1081.39,11,BUY
2017-01-02D09:29:33.782373,1081.39,11,BUY
2017-01-02D09:29:42.275796,1081.26,11,BUY
2017-01-02D09:30:06.881625,1081.83,1,BUY
2017-01-02D09:30:08.908412,1081.83,1,BUY
2017-01-02D09:34:09.462691,1080.35,15110,SELL
2017-01-02D09:34:51.781128,1080.3,4780,SELL
2017-01-02D09:35:23.587229,1080.16,20000,SELL
2017-01-02D09:36:22.737953,1080.5,10000,SELL
2017-01-02D09:36:42.230670,1079.83,2709,SELL
2017-01-02D09:38:29.553056,1081.53,500,BUY
2017-01-02D09:45:31.619223,1082.42,10,BUY
2017-01-02D09:46:37.786847,1081.87,500,BUY
2017-01-02D09:47:13.834873,1082.05,500,BUY
2017-01-02D09:48:20.485412,1079.88,500,SELL
2017-01-02D09:48:20.485412,1079.87,500,SELL
2017-01-02D09:49:00.886554,1082.01,1000,BUY
2017-01-02D09:54:35.558604,1080.09,3000,SELL
2017-01-02D09:58:12.065525,1079.63,3000,SELL
2017-01-02D09:58:47.255662,1079.05,500,SELL
2017-01-02D09:58:55.873510,1079.06,500,SELL
2017-01-02D09:58:55.873510,1079.05,2000,SELL
2017-01-02D10:01:07.515896,1079.47,500,SELL
2017-01-02D10:01:07.515896,1079.46,2500,SELL
2017-01-02D10:04:14.233234,1082.33,399,BUY
2017-01-02D10:05:18.441696,1082.02,1082,SELL
2017-01-02D10:05:20.633364,1082.99,1000,BUY
2017-01-02D10:05:48.109732,1082.13,100,SELL
2017-01-02D10:07:33.789907,1083,15000,BUY
2017-01-02D10:08:21.706983,1084.82,500,BUY
2017-01-02D10:08:21.706983,1084.83,3000,BUY
2017-01-02D10:08:21.706983,1084.86,2000,BUY
2017-01-02D10:08:47.645800,1084.57,3000,SELL
2017-01-02D10:09:15.388607,1084.57,400,SELL
2017-01-02D10:09:19.812632,1084.15,100,SELL
2017-01-02D10:09:41.307903,1083.35,3000,SELL
2017-01-02D10:09:41.307903,1083.34,12000,SELL
2017-01-02D10:09:46.037336,1084.63,400,BUY
2017-01-02D10:09:46.037336,1084.73,3000,BUY
2017-01-02D10:09:47.864383,1084.94,300,SELL
2017-01-02D10:09:51.316063,1084.28,300,SELL
2017-01-02D10:09:53.119495,1084.28,100,SELL
2017-01-02D10:10:40.190692,1084.98,541,SELL
2017-01-02D10:10:50.075866,1084.8,3000,SELL
2017-01-02D10:10:50.075866,1084.78,2418,SELL
2017-01-02D10:10:58.591499,1084.79,1625,SELL
2017-01-02D10:11:07.390781,1085.11,10000,SELL
2017-01-02D10:11:13.870810,1085.14,10,BUY
2017-01-02D10:11:15.271910,1085.18,3000,SELL
2017-01-02D10:11:15.271910,1085.17,7000,SELL
2017-01-02D10:11:26.985177,1084.65,1996,SELL
2017-01-02D10:11:57.762355,1084.79,1083,SELL
2017-01-02D10:12:10.971408,1084.99,500,BUY
2017-01-02D10:12:10.971408,1085,10000,BUY
2017-01-02D10:12:14.991116,1085.1,3000,SELL
2017-01-02D10:12:14.991116,1084.91,7000,SELL
2017-01-02D10:12:56.738971,1084.88,3000,SELL
2017-01-02D10:12:56.738971,1084.49,7000,SELL
2017-01-02D10:13:12.842677,1085.31,541,SELL
2017-01-02D10:13:22.014898,1084.99,541,SELL
2017-01-02D10:14:13.682191,1085,5418,SELL
2017-01-02D10:14:41.435445,1085,7082,SELL
2017-01-02D10:14:41.435445,1084.89,2918,SELL
2017-01-02D10:14:58.572853,1085.23,100,SELL
2017-01-02D10:15:09.166875,1084.59,5418,SELL
2017-01-02D10:15:18.600903,1084.51,2167,SELL
2017-01-02D10:15:40.929618,1084.31,541,SELL
2017-01-02D10:16:19.403218,1084.73,541,SELL
2017-01-02D10:16:22.204563,1085.2,3000,BUY
2017-01-02D10:16:22.204563,1085.21,400,BUY
2017-01-02D10:16:22.419060,1085.21,200,SELL
2017-01-02D10:16:27.542360,1085.18,5418,SELL
2017-01-02D10:16:28.072091,1085.18,400,SELL
2017-01-02D10:16:32.806218,1085.08,400,SELL
2017-01-02D10:16:35.924126,1085.15,5418,SELL
2017-01-02D10:16:55.092463,1085.68,2569,SELL
2017-01-02D10:21:07.373819,1084.78,400,SELL
2017-01-02D10:22:16.712791,1084.85,400,BUY
2017-01-02D10:22:18.352029,1084.96,300,SELL
2017-01-02D10:22:19.110689,1084.96,300,SELL
2017-01-02D10:22:19.533194,1084.96,400,SELL
2017-01-02D10:22:24.286481,1084.71,3000,SELL
2017-01-02D10:22:24.286481,1084.7,2000,SELL
2017-01-02D10:22:30.754839,1084.74,400,SELL
2017-01-02D10:22:31.497017,1084.74,400,SELL
2017-01-02D10:22:32.166917,1084.74,200,SELL
2017-01-02D10:22:33.997148,1084.59,400,SELL
2017-01-02D10:23:02.065008,1083.61,5418,SELL
2017-01-02D10:23:20.298313,1083.86,10000,SELL
2017-01-02D10:23:37.729051,1084.06,5418,SELL
2017-01-02D10:23:46.341462,1084,17800,SELL
2017-01-02D10:23:52.646821,1083.53,5418,SELL
2017-01-02D10:24:00.859101,1083.29,10000,SELL
2017-01-02D10:24:09.806899,1082.54,500,SELL
2017-01-02D10:24:09.806899,1082.53,9500,SELL
2017-01-02D10:24:18.478278,1082.8,10000,SELL
2017-01-02D10:24:27.323783,1082.87,10000,SELL
2017-01-02D10:24:38.089090,1082.65,10000,SELL
2017-01-02D10:24:46.881958,1082.7,5418,SELL
2017-01-02D10:24:57.766459,1082.6,2709,SELL
2017-01-02D10:25:11.560362,1083.02,2709,SELL
2017-01-02D10:25:27.832946,1082.92,5418,SELL
2017-01-02D10:25:36.369195,1082.82,10000,SELL
2017-01-02D10:33:07.239409,1083,10000,BUY
2017-01-02D10:35:47.486750,1084.98,3000,BUY
2017-01-02D10:35:47.486750,1084.99,1900,BUY
2017-01-02D10:35:47.486750,1085.09,2000,BUY
2017-01-02D10:35:47.486750,1085.6,3100,BUY
2017-01-02D10:46:21.882581,1084.16,3000,BUY
2017-01-02D10:54:03.017338,1084.45,1000,BUY
2017-01-02D10:54:30.357867,1084.51,2000,BUY
2017-01-02D10:55:32.803418,1084.68,2000,BUY
2017-01-02D11:03:08.542040,1083.18,500,SELL
2017-01-02D11:03:17.001669,1083,500,SELL
2017-01-02D11:06:10.147260,1082.31,125,SELL
2017-01-02D11:10:32.740042,1083,125,BUY
2017-01-02D11:11:07.515510,1084.16,500,SELL
2017-01-02D11:11:07.515510,1084.15,2500,SELL
2017-01-02D11:12:25.357799,1084.62,1800,BUY
2017-01-02D11:12:48.147081,1083.22,500,SELL
2017-01-02D11:12:48.147081,1083.21,2500,SELL
2017-01-02D11:14:19.911093,1085.05,3000,SELL
2017-01-02D11:15:56.861217,1085.89,10,BUY
2017-01-02D11:16:55.146148,1086.29,3000,SELL
2017-01-02D11:16:55.146148,1086.27,7000,SELL
2017-01-02D11:17:10.355725,1085.99,400,SELL
2017-01-02D11:17:12.577136,1085.29,390,BUY
2017-01-02D11:17:15.601801,1085.52,400,BUY
2017-01-02D11:17:15.695915,1085.52,400,BUY
2017-01-02D11:17:17.816186,1085.52,400,BUY
2017-01-02D11:17:24.356759,1086.24,400,BUY
2017-01-02D11:17:24.582521,1086.24,400,BUY
2017-01-02D11:17:27.599937,1086.96,300,BUY
2017-01-02D11:17:28.674944,1086.95,400,BUY
2017-01-02D11:17:29.044616,1086.95,400,BUY
2017-01-02D11:17:30.854207,1087.11,100,BUY
2017-01-02D11:17:32.419091,1087.11,400,BUY
2017-01-02D11:17:33.074364,1087.11,400,BUY
2017-01-02D11:17:33.883409,1087.11,400,BUY
2017-01-02D11:17:35.677034,1087.11,400,BUY
2017-01-02D11:17:47.755302,1087.03,2000,SELL
2017-01-02D11:18:14.755297,1085.96,400,BUY
2017-01-02D11:18:16.407210,1085.94,400,BUY
2017-01-02D11:18:19.859489,1087.11,400,BUY
2017-01-02D11:18:37.536461,1087.11,2600,BUY
2017-01-02D11:18:37.536461,1087.12,2900,BUY
2017-01-02D11:18:37.536461,1087.53,500,BUY
2017-01-02D11:18:41.543635,1088.08,900,BUY
2017-01-02D11:18:56.526707,1089.1,500,BUY
2017-01-02D11:18:56.526707,1089.11,3859,BUY
2017-01-02D11:18:56.526707,1089.53,13141,BUY
2017-01-02D11:18:57.897439,1088.17,3000,SELL
2017-01-02D11:19:52.136902,1089.99,20,BUY
2017-01-02D11:22:01.314695,1089.99,1,BUY
2017-01-02D11:24:52.711054,1089.99,3000,BUY
2017-01-02D11:24:52.711054,1090,1000,BUY
2017-01-02D11:25:42.921435,1090.15,1000,SELL
2017-01-02D11:29:40.949708,1088.99,3000,BUY
2017-01-02D11:31:41.322180,1088.68,3000,BUY
2017-01-02D11:31:41.322180,1088.7,5000,BUY
2017-01-02D11:33:21.592742,1088.98,3000,BUY
2017-01-02D11:33:34.931454,1089,1089,BUY
2017-01-02D11:33:34.931454,1089,1089,BUY
2017-01-02D11:33:34.931454,1089,1089,BUY
2017-01-02D11:37:02.981019,1090,1090,BUY
2017-01-02D11:37:02.981019,1090,1090,BUY
2017-01-02D11:37:02.981019,1090,1090,BUY
2017-01-02D11:37:12.964481,1090.25,10,BUY
2017-01-02D11:37:12.964481,1090.53,2000,BUY
2017-01-02D11:37:24.162838,1090.98,30,BUY
2017-01-02D11:37:30.586232,1090.98,470,BUY
2017-01-02D11:37:30.586232,1091,2530,BUY
2017-01-02D11:37:49.188870,1091,16090,BUY
2017-01-02D11:40:37.745613,1091.75,10,BUY
2017-01-02D11:40:37.745613,1091.91,25000,BUY
2017-01-02D11:40:49.112175,1091.91,4990,SELL
2017-01-02D11:40:53.656151,1091.88,3000,BUY
2017-01-02D11:41:55.015341,1091.89,4300,BUY
2017-01-02D11:42:31.643516,1093,2000,BUY
2017-01-02D11:42:40.813401,1093,6940,BUY
2017-01-02D11:42:40.813401,1093,500,BUY
2017-01-02D11:42:40.813401,1093,1000,BUY
2017-01-02D11:42:40.813401,1093.19,21560,BUY
2017-01-02D11:42:41.585114,1093.19,2000,BUY
2017-01-02D11:43:47.494611,1091.88,3000,BUY
2017-01-02D11:45:43.631993,1092,1000,SELL
2017-01-02D11:46:03.853094,1092,1000,SELL
2017-01-02D11:47:09.265155,1092.46,1137,BUY
2017-01-02D11:50:02.385922,1093.29,2000,BUY
2017-01-02D11:50:36.476345,1092.57,11,BUY
2017-01-02D11:57:03.189899,1092.01,500,SELL
2017-01-02D11:57:03.189899,1092,5000,SELL
2017-01-02D11:58:34.521689,1090.45,500,SELL
2017-01-02D12:01:11.380748,1090.76,500,SELL
2017-01-02D12:04:21.074879,1093.42,1000,BUY
2017-01-02D12:04:54.627520,1092.55,100,SELL
2017-01-02D12:05:08.371327,1093.03,100,SELL
2017-01-02D12:05:31.386837,1093.96,420,BUY
2017-01-02D12:05:31.386837,1094,10,BUY
2017-01-02D12:05:31.386837,1094.49,570,BUY
2017-01-02D12:07:27.327425,1092.67,300,BUY
2017-01-02D12:07:28.907366,1093.18,400,BUY
2017-01-02D12:10:08.926511,1089.51,100,SELL
2017-01-02D12:10:10.157183,1089.51,2900,SELL
2017-01-02D12:10:10.157183,1089.49,500,SELL
2017-01-02D12:10:10.157183,1088.7,1600,SELL
2017-01-02D12:10:16.486907,1088.72,500,SELL
2017-01-02D12:10:26.623656,1088.54,100,SELL
2017-01-02D12:13:44.479171,1088.38,3000,SELL
2017-01-02D12:13:44.479171,1088.37,1500,SELL
2017-01-02D12:14:09.545518,1087.71,2000,SELL
2017-01-02D12:14:10.225935,1083.63,500,SELL
2017-01-02D12:14:10.225935,1083.62,4500,SELL
2017-01-02D12:14:12.409920,1083.62,10000,SELL
2017-01-02D12:14:32.394127,1084.38,4000,BUY
2017-01-02D12:15:48.865117,1086.01,500,BUY
2017-01-02D12:15:48.865117,1086.02,3000,BUY
2017-01-02D12:16:56.087986,1086,25000,SELL
2017-01-02D12:17:05.522527,1086,25000,SELL
2017-01-02D12:17:46.946489,1084.79,500,BUY
2017-01-02D12:17:46.946489,1084.8,3000,BUY
2017-01-02D12:18:07.222555,1085,5000,BUY
2017-01-02D12:18:07.222555,1085.37,500,BUY
2017-01-02D12:19:26.670346,1087.69,500,BUY
2017-01-02D12:19:26.670346,1087.7,2000,BUY
2017-01-02D12:19:51.086101,1088.04,1000,BUY
2017-01-02D12:19:51.086101,1088.04,1000,BUY
2017-01-02D12:19:54.313170,1090.39,10,BUY
2017-01-02D12:20:53.388195,1089.92,500,BUY
2017-01-02D12:20:53.388195,1089.93,14500,BUY
2017-01-02D12:22:08.071004,1090.48,2000,BUY
2017-01-02D12:22:08.071004,1090.66,500,BUY
2017-01-02D12:22:08.071004,1090.69,25000,BUY
2017-01-02D12:22:08.071004,1091.67,400,BUY
2017-01-02D12:22:08.071004,1091.89,22100,BUY
2017-01-02D12:22:12.537577,1090.01,3000,SELL
2017-01-02D12:22:12.537577,1090,47000,SELL
2017-01-02D12:24:43.656477,1091,500,BUY
2017-01-02D12:25:16.353646,1091,4214,BUY
2017-01-02D12:25:21.645110,1090.62,500,SELL
2017-01-02D12:25:21.645110,1090.61,3000,SELL
2017-01-02D12:25:31.045115,1090.59,6500,BUY
2017-01-02D12:27:58.045560,1091,20000,BUY
2017-01-02D12:28:23.854856,1090.48,500,SELL
2017-01-02D12:28:23.854856,1090.47,3000,SELL
2017-01-02D12:28:23.854856,1090.32,1812,SELL
2017-01-02D12:28:39.652105,1090,3000,SELL
2017-01-02D12:29:48.115815,1090.11,14500,SELL
2017-01-02D12:30:03.544555,1089.77,23,SELL
