2017-01-01D00:00:36.806628,968.49,500,BUY
2017-01-01D00:00:36.806628,968.5,97,BUY
2017-01-01D00:00:36.806628,968.52,100,BUY
2017-01-01D00:00:36.806628,968.74,1303,BUY
2017-01-01D00:00:39.408773,968.75,999,BUY
2017-01-01D00:00:41.346066,968.73,999,BUY
2017-01-01D00:00:44.952026,968.74,25,BUY
2017-01-01D00:00:44.952026,968.75,974,BUY
2017-01-01D00:00:47.712936,968.73,999,BUY
2017-01-01D00:00:49.010148,968.73,999,BUY
2017-01-01D00:00:51.062923,968.73,999,BUY
2017-01-01D00:00:53.090753,968.73,999,BUY
2017-01-01D00:00:54.037485,968.73,1004,BUY
2017-01-01D00:00:54.037485,968.74,25,BUY
2017-01-01D00:00:54.037485,968.75,27,BUY
2017-01-01D00:00:54.037485,968.76,944,BUY
2017-01-01D00:00:58.616766,968.7,2000,BUY
2017-01-01D00:01:06.348151,968.7,2000,BUY
2017-01-01D00:01:10.760980,968.22,8025,SELL
2017-01-01D00:01:10.760980,968.21,999,SELL
2017-01-01D00:01:10.760980,968.21,999,SELL
2017-01-01D00:01:10.760980,967.53,21777,SELL
2017-01-01D00:01:11.634911,968.7,2000,BUY
2017-01-01D00:01:19.633878,968.69,2000,BUY
2017-01-01D00:01:25.438525,968.69,2000,BUY
2017-01-01D00:01:31.072173,968.22,4000,SELL
2017-01-01D00:01:31.072173,968.21,999,SELL
2017-01-01D00:01:31.072173,968.21,999,SELL
2017-01-01D00:01:31.072173,967.27,2400,SELL
2017-01-01D00:01:31.072173,967.25,1602,SELL
2017-01-01D00:01:33.221344,967.24,10000,SELL
2017-01-01D00:01:36.361505,967.24,4000,SELL
2017-01-01D00:01:36.361505,967.22,5000,SELL
2017-01-01D00:01:36.361505,967.2,1000,SELL
2017-01-01D00:01:41.375065,968.43,2000,BUY
2017-01-01D00:01:52.071805,968.43,2000,BUY
2017-01-01D00:02:08.148729,967.21,1000,SELL
2017-01-01D00:02:28.905047,968,500,BUY
2017-01-01D00:02:58.493720,967.21,1000,SELL
2017-01-01D00:02:59.540388,967.21,1000,SELL
2017-01-01D00:03:00.519067,967.21,1000,SELL
2017-01-01D00:03:01.525510,967.21,1000,SELL
2017-01-01D00:03:01.574568,967.21,4000,SELL
2017-01-01D00:03:01.574568,967.2,2200,SELL
2017-01-01D00:03:01.783797,967,69,BUY
2017-01-01D00:03:02.504010,966.8,250,SELL
2017-01-01D00:03:02.504010,966.74,750,SELL
2017-01-01D00:03:39.397791,966.99,4000,BUY
2017-01-01D00:03:48.658030,966.93,1000,SELL
2017-01-01D00:03:49.549653,966.93,1000,SELL
2017-01-01D00:03:53.325983,966.92,100,SELL
2017-01-01D00:03:54.473524,966.92,100,SELL
2017-01-01D00:03:55.408164,966.98,100,SELL
2017-01-01D00:03:56.518712,966.98,100,SELL
2017-01-01D00:03:57.414463,966.98,100,SELL
2017-01-01D00:03:58.436122,966.97,100,SELL
2017-01-01D00:03:59.326264,966.97,100,SELL
2017-01-01D00:04:00.335462,966.97,100,SELL
2017-01-01D00:04:01.551856,966.97,100,SELL
2017-01-01D00:04:02.724934,966.97,100,SELL
2017-01-01D00:05:16.365916,967,11731,BUY
2017-01-01D00:05:16.365916,967,1500,BUY
2017-01-01D00:06:09.836085,966.89,500,SELL
2017-01-01D00:11:02.879093,966.57,4500,BUY
2017-01-01D00:11:02.879093,966.58,2400,BUY
2017-01-01D00:11:34.857815,966.64,3000,SELL
2017-01-01D00:11:36.803876,966.44,250,SELL
2017-01-01D00:11:36.803876,966.05,2750,SELL
2017-01-01D00:12:20.408128,965.86,2250,SELL
2017-01-01D00:12:20.408128,965.85,25000,SELL
2017-01-01D00:12:20.408128,965.8,250,SELL
2017-01-01D00:12:20.408128,965.58,10000,SELL
2017-01-01D00:12:20.408128,965.46,5000,SELL
2017-01-01D00:12:20.408128,965.44,250,SELL
2017-01-01D00:12:20.408128,965.29,5000,SELL
2017-01-01D00:12:20.408128,965.06,3000,SELL
2017-01-01D00:12:20.408128,965.02,2400,SELL
2017-01-01D00:12:21.045679,964.99,87,BUY
2017-01-01D00:12:22.218210,964.99,7913,BUY
2017-01-01D00:12:22.218210,965,17087,BUY
2017-01-01D00:12:26.753359,965,25000,BUY
2017-01-01D00:14:32.144788,964.86,8000,SELL
2017-01-01D00:16:07.770171,964.99,3000,BUY
2017-01-01D00:17:49.706793,964.8,1,SELL
2017-01-01D00:26:01.349435,965.09,2999,SELL
2017-01-01D00:26:01.349435,965.08,2001,SELL
2017-01-01D00:27:08.217184,964.78,30,SELL
2017-01-01D00:27:08.217184,964.75,3000,SELL
2017-01-01D00:27:08.217184,964.74,2400,SELL
2017-01-01D00:27:08.217184,964.71,300,SELL
2017-01-01D00:27:08.217184,964.64,25000,SELL
2017-01-01D00:27:08.217184,964.54,4270,SELL
2017-01-01D00:29:22.326133,964.92,3000,SELL
2017-01-01D00:29:37.647719,964.91,5000,SELL
2017-01-01D00:32:59.731935,964.92,2500,SELL
2017-01-01D00:34:10.301844,965.01,1,SELL
2017-01-01D00:35:03.280005,965.57,150,BUY
2017-01-01D00:35:03.280005,966.14,8000,BUY
2017-01-01D00:35:03.280005,966.15,3000,BUY
2017-01-01D00:35:03.280005,966.16,2400,BUY
2017-01-01D00:35:03.280005,966.19,5000,BUY
2017-01-01D00:35:03.280005,966.63,500,BUY
2017-01-01D00:35:03.280005,966.91,950,BUY
2017-01-01D00:35:19.211231,966.81,3000,BUY
2017-01-01D00:35:20.361776,966.81,2000,BUY
2017-01-01D00:35:20.361776,966.9,97,BUY
2017-01-01D00:35:20.361776,966.91,4050,BUY
2017-01-01D00:35:20.361776,967.09,22853,BUY
2017-01-01D00:35:43.601535,967.37,3000,BUY
2017-01-01D00:35:43.601535,967.38,4000,BUY
2017-01-01D00:36:45.319452,965.88,1,SELL
2017-01-01D00:37:52.540001,967.64,1,BUY
2017-01-01D00:37:52.540001,967.65,2999,BUY
2017-01-01D00:38:21.325268,967.77,7000,BUY
2017-01-01D00:39:20.858215,967.81,2400,BUY
2017-01-01D00:39:20.858215,967.82,100,BUY
2017-01-01D00:44:06.488083,967.08,50,BUY
2017-01-01D00:45:33.917061,967.4,50,BUY
2017-01-01D00:53:28.425381,967.87,4950,BUY
2017-01-01D00:53:28.425381,967.88,97,BUY
2017-01-01D00:53:28.425381,967.9,1953,BUY
2017-01-01D00:54:54.327362,967.9,3447,BUY
2017-01-01D00:54:54.327362,968.08,3553,BUY
2017-01-01D00:56:44.744506,966.89,1,SELL
2017-01-01D00:57:28.281962,968,1,BUY
2017-01-01D00:57:46.317319,968,1000,BUY
2017-01-01D00:58:59.683081,967.62,1,SELL
2017-01-01D00:59:30.325120,968,1,BUY
2017-01-01D00:59:32.083319,968,1,BUY
2017-01-01D00:59:45.996568,968,1,BUY
2017-01-01D00:59:47.366807,968,1,BUY
2017-01-01D00:59:58.106098,968,1,BUY
2017-01-01D01:03:18.175080,968.09,2,BUY
2017-01-01D01:03:24.613614,968.1,1000,BUY
2017-01-01D01:07:32.724450,967.62,2500,SELL
2017-01-01D01:08:36.760235,967.98,1000,BUY
2017-01-01D01:09:09.567871,967.96,100,BUY
2017-01-01D01:09:20.757196,967.96,100,BUY
2017-01-01D01:09:34.989232,967.62,1500,SELL
2017-01-01D01:10:12.281758,967.62,2500,SELL
2017-01-01D01:10:23.534266,967.7,100,BUY
2017-01-01D01:10:29.846334,967.62,2500,SELL
2017-01-01D01:10:34.538760,967.62,1188,SELL
2017-01-01D01:10:34.538760,967.61,10000,SELL
2017-01-01D01:10:36.588811,967.03,2500,SELL
2017-01-01D01:10:43.644669,967.01,200,SELL
2017-01-01D01:10:43.644669,967,2300,SELL
2017-01-01D01:10:48.684185,967,1500,SELL
2017-01-01D01:10:51.653663,967.3,100,BUY
2017-01-01D01:10:53.043011,967,2500,SELL
2017-01-01D01:10:59.422344,967.01,100,SELL
2017-01-01D01:10:59.422344,967,700,SELL
2017-01-01D01:10:59.422344,967,1700,SELL
2017-01-01D01:11:20.414426,967,1500,SELL
2017-01-01D01:13:03.936850,967,1100,SELL
2017-01-01D01:14:35.740075,967,700,SELL
2017-01-01D01:14:35.740075,967,100,SELL
2017-01-01D01:14:35.740075,966.89,3688,SELL
2017-01-01D01:14:45.138104,966.29,500,SELL
2017-01-01D01:15:08.578997,966.29,1900,SELL
2017-01-01D01:15:08.578997,966.29,100,SELL
2017-01-01D01:15:08.578997,966.28,1068,SELL
2017-01-01D01:22:56.329728,966.29,100,SELL
2017-01-01D01:22:56.329728,966,4900,SELL
2017-01-01D01:23:02.595118,966,100,SELL
2017-01-01D01:23:08.569866,965.54,2400,SELL
2017-01-01D01:23:23.208209,966,97,BUY
2017-01-01D01:23:23.208209,966.55,3,BUY
2017-01-01D01:23:24.102538,965.01,5000,SELL
2017-01-01D01:23:24.102538,965,3480,SELL
2017-01-01D01:23:29.833098,966.65,100,BUY
2017-01-01D01:23:30.154483,965,91,SELL
2017-01-01D01:24:23.153741,966.65,7900,BUY
2017-01-01D01:24:32.730075,966.66,100,BUY
2017-01-01D01:24:35.139032,965.01,100,SELL
2017-01-01D01:24:35.139032,965.01,2000,SELL
2017-01-01D01:24:35.139032,965.01,2000,SELL
2017-01-01D01:24:35.139032,965,293,SELL
2017-01-01D01:24:35.139032,965,1807,SELL
2017-01-01D01:25:43.358608,965.01,7900,SELL
2017-01-01D01:25:43.358608,965,2100,SELL
2017-01-01D01:25:44.518666,965,1093,SELL
2017-01-01D01:25:44.518666,965,100,SELL
2017-01-01D01:25:44.518666,965,1000,SELL
2017-01-01D01:25:51.519332,964.93,2000,SELL
2017-01-01D01:25:51.519332,964.91,20000,SELL
2017-01-01D01:25:51.519332,964.83,2400,SELL
2017-01-01D01:25:51.519332,964.49,5000,SELL
2017-01-01D01:25:51.519332,964.33,2000,SELL
2017-01-01D01:25:51.519332,964.3,5000,SELL
2017-01-01D01:25:51.519332,964.14,25000,SELL
2017-01-01D01:25:51.519332,964.09,3000,SELL
2017-01-01D01:26:02.868912,964,100,BUY
2017-01-01D01:26:14.473042,964,1000,BUY
2017-01-01D01:26:49.717756,964,10,BUY
2017-01-01D01:26:56.755417,964,10,BUY
2017-01-01D01:27:05.282813,964,10,BUY
2017-01-01D01:27:14.879565,964,10,BUY
2017-01-01D01:27:21.055928,964,10,BUY
2017-01-01D01:27:27.358921,964,10,BUY
2017-01-01D01:27:35.042595,964,10,BUY
2017-01-01D01:27:46.797584,964,10,BUY
2017-01-01D01:28:03.699786,964,10,BUY
2017-01-01D01:28:06.445346,964,91,BUY
2017-01-01D01:28:06.945745,964,10,BUY
2017-01-01D01:30:03.744383,964.76,500,BUY
2017-01-01D01:37:34.466048,964.69,21,BUY
2017-01-01D01:37:39.822176,964.85,7479,BUY
2017-01-01D01:37:39.822176,964.86,2400,BUY
2017-01-01D01:37:39.822176,964.88,3000,BUY
2017-01-01D01:37:39.822176,965.31,5000,BUY
2017-01-01D01:37:39.822176,965.48,97,BUY
2017-01-01D01:37:39.822176,965.68,25000,BUY
2017-01-01D01:37:39.822176,966.26,500,BUY
2017-01-01D01:37:39.822176,966.4,5000,BUY
2017-01-01D01:37:39.822176,966.5,5000,BUY
2017-01-01D01:37:39.822176,966.6,2400,BUY
2017-01-01D01:37:39.822176,966.64,25000,BUY
2017-01-01D01:37:39.822176,967.48,19124,BUY
2017-01-01D01:37:56.359690,964.85,7000,BUY
2017-01-01D01:38:06.375645,964.85,10,BUY
2017-01-01D01:38:19.703288,964.85,469,BUY
2017-01-01D01:38:58.569121,966.25,50,BUY
2017-01-01D01:39:55.523512,965.11,15479,SELL
2017-01-01D01:39:55.523512,965.1,5600,SELL
2017-01-01D01:39:55.523512,965.06,5000,SELL
2017-01-01D01:39:55.523512,965,500,SELL
2017-01-01D01:40:41.823527,965,1000,SELL
2017-01-01D01:40:59.813095,964.75,150,SELL
2017-01-01D01:40:59.813095,964.66,1000,SELL
2017-01-01D01:40:59.813095,964.5,350,SELL
2017-01-01D01:41:10.205248,964.22,2400,SELL
2017-01-01D01:41:10.205248,964.01,3000,SELL
2017-01-01D01:41:10.205248,964,25000,SELL
2017-01-01D01:41:21.311412,964,100,BUY
2017-01-01D01:41:29.577077,964,100,BUY
2017-01-01D01:41:36.559994,964,100,BUY
2017-01-01D01:41:39.509288,963.96,5000,SELL
2017-01-01D01:41:39.509288,963.96,500,SELL
2017-01-01D01:41:42.664080,963.94,7376,SELL
2017-01-01D01:41:44.719906,963.99,100,BUY
2017-01-01D01:41:45.663428,963.87,2200,SELL
2017-01-01D01:41:48.961463,963.99,100,BUY
2017-01-01D01:43:42.490881,964.01,200,SELL
2017-01-01D01:43:42.490881,964,1000,SELL
2017-01-01D01:44:22.660065,963.83,5000,SELL
2017-01-01D01:44:22.660065,963.67,5000,SELL
2017-01-01D01:50:27.783297,963.66,500,SELL
2017-01-01D01:52:36.363105,964.56,2031,BUY
2017-01-01D01:52:46.800049,964.56,1500,BUY
2017-01-01D01:52:55.789451,964.55,1500,BUY
2017-01-01D01:55:24.428191,963.43,100,SELL
2017-01-01D01:55:24.428191,963.42,100,SELL
2017-01-01D01:55:24.428191,963.4,2800,SELL
2017-01-01D02:02:19.102324,964.6,1,BUY
2017-01-01D02:02:25.484814,964.6,1100,BUY
2017-01-01D02:03:46.052966,964.6,100,BUY
2017-01-01D02:03:54.296172,964.6,100,BUY
2017-01-01D02:11:23.391662,964.49,3532,SELL
2017-01-01D02:11:23.391662,964.48,25000,SELL
2017-01-01D02:11:23.391662,964.3,3000,SELL
2017-01-01D02:11:23.391662,964.29,2400,SELL
2017-01-01D02:11:25.797408,964,4068,BUY
2017-01-01D02:11:31.551380,964.11,11954,SELL
2017-01-01D02:15:00.336853,964.59,100,BUY
2017-01-01D02:15:00.336853,964.6,4900,BUY
2017-01-01D02:26:59.112782,964.51,2000,BUY
2017-01-01D02:36:10.862788,964.34,500,SELL
2017-01-01D02:36:10.862788,964.2,1000,SELL
2017-01-01D02:36:13.534681,964.2,1500,SELL
2017-01-01D02:36:20.964516,964.2,1500,SELL
2017-01-01D02:36:22.972857,964.2,900,SELL
2017-01-01D02:36:22.972857,964.19,600,SELL
2017-01-01D02:36:24.336497,964.2,900,SELL
2017-01-01D02:36:24.336497,964.19,600,SELL
2017-01-01D02:36:25.369874,964.19,1500,SELL
2017-01-01D02:36:26.570944,964.19,300,SELL
2017-01-01D02:36:26.570944,963.39,1200,SELL
2017-01-01D02:36:27.618607,963.39,1500,SELL
2017-01-01D02:36:28.705800,963.39,1500,SELL
2017-01-01D02:36:30.032683,963.23,1500,SELL
2017-01-01D02:36:37.448307,963.33,1666,SELL
2017-01-01D02:39:32.812300,963.99,1,BUY
2017-01-01D02:42:20.071759,963.65,8899,BUY
2017-01-01D02:42:20.071759,963.66,1101,BUY
2017-01-01D02:45:49.112983,963.79,5000,BUY
2017-01-01D02:47:20.871712,963.97,500,SELL
2017-01-01D02:48:01.387301,963.97,4500,SELL
2017-01-01D02:48:01.387301,963.96,20500,SELL
2017-01-01D02:48:05.466519,963.96,9500,SELL
2017-01-01D02:48:05.466519,963.16,5500,SELL
2017-01-01D02:48:10.649051,963.98,122,BUY
2017-01-01D02:48:10.649051,963.98,5500,BUY
2017-01-01D02:48:10.649051,963.99,2400,BUY
2017-01-01D02:48:10.649051,964,6000,BUY
2017-01-01D02:48:10.649051,964.24,97,BUY
2017-01-01D02:48:10.649051,964.26,15881,BUY
2017-01-01D03:03:04.395079,963.98,7000,BUY
2017-01-01D03:03:26.315389,964.54,5000,BUY
2017-01-01D03:03:26.315389,964.61,1000,BUY
2017-01-01D03:21:06.486797,964.48,7503,BUY
2017-01-01D03:21:06.486797,964.58,2400,BUY
2017-01-01D03:21:06.486797,964.61,4000,BUY
2017-01-01D03:21:06.486797,964.68,97,BUY
2017-01-01D03:21:06.486797,964.82,2666,BUY
2017-01-01D03:26:06.595248,963.99,1815,BUY
2017-01-01D03:26:41.743599,964,964,BUY
2017-01-01D03:26:41.743599,964,964,BUY
2017-01-01D03:26:41.743599,964,964,BUY
2017-01-01D03:26:41.743599,964.16,2400,BUY
2017-01-01D03:27:33.262713,964,964,BUY
2017-01-01D03:27:33.262713,964.58,2400,BUY
2017-01-01D03:27:33.262713,964.84,1023,BUY
2017-01-01D03:27:33.262713,964.86,5613,BUY
2017-01-01D03:27:36.975750,964.86,1387,BUY
2017-01-01D03:27:36.975750,964.88,8613,BUY
2017-01-01D03:27:39.982555,964.99,10000,BUY
2017-01-01D03:28:01.634795,964,964,BUY
2017-01-01D03:28:01.634795,965,929,BUY
2017-01-01D03:28:05.125977,964.97,1500,BUY
2017-01-01D03:28:10.013783,964.96,447,BUY
2017-01-01D03:28:10.013783,964.97,1553,BUY
2017-01-01D03:28:12.695206,964.97,2000,BUY
2017-01-01D03:28:13.960238,964.97,2000,BUY
2017-01-01D03:28:16.000467,964.97,1147,BUY
2017-01-01D03:28:16.000467,964.97,853,BUY
2017-01-01D03:28:17.549284,964.97,2000,BUY
2017-01-01D03:33:18.520712,964.42,8000,SELL
2017-01-01D03:33:18.520712,964.41,2000,SELL
2017-01-01D03:33:47.215709,964.04,11000,SELL
2017-01-01D03:33:47.215709,964.02,35000,SELL
2017-01-01D03:35:12.472451,964.29,500,BUY
2017-01-01D03:40:15.550882,963.53,500,SELL
2017-01-01D03:40:15.550882,963.52,13500,SELL
2017-01-01D03:40:17.318176,963.52,10000,SELL
2017-01-01D03:45:58.322510,963.52,11500,SELL
2017-01-01D03:47:53.780746,963.43,5000,SELL
2017-01-01D03:50:19.761696,963.66,25000,SELL
2017-01-01D03:50:59.578404,963.67,1,BUY
2017-01-01D03:51:18.974506,963.42,1,SELL
2017-01-01D03:56:05.622264,963.42,243,SELL
2017-01-01D03:56:05.622264,963.28,19757,SELL
2017-01-01D03:56:49.824435,963.28,243,SELL
2017-01-01D03:56:49.824435,963,4757,SELL
2017-01-01D03:56:58.376401,963,243,SELL
2017-01-01D03:56:58.376401,962.65,1757,SELL
2017-01-01D03:56:59.600557,962.65,643,SELL
2017-01-01D03:56:59.600557,962.63,1357,SELL
2017-01-01D03:57:01.414779,962.63,2000,SELL
2017-01-01D03:57:02.970062,962.63,2000,SELL
2017-01-01D03:57:04.164681,962.63,2000,SELL
2017-01-01D03:57:11.589484,962.63,643,SELL
2017-01-01D03:57:11.589484,962.5,1357,SELL
2017-01-01D03:57:12.818134,962.5,2000,SELL
2017-01-01D03:57:14.080048,962.5,2000,SELL
2017-01-01D03:58:51.339334,962.5,4643,SELL
2017-01-01D03:59:20.935200,962.18,2000,SELL
2017-01-01D03:59:20.935200,962,1864,SELL
2017-01-01D03:59:25.136870,962.01,2400,SELL
2017-01-01D03:59:25.136870,962,3136,SELL
2017-01-01D03:59:25.136870,961.83,5000,SELL
2017-01-01D03:59:25.136870,961.69,24464,SELL
2017-01-01D04:01:00.633092,961.43,1909,SELL
2017-01-01D04:01:05.146572,961.43,491,SELL
2017-01-01D04:01:05.146572,961.42,8200,SELL
2017-01-01D04:01:05.146572,961.25,5000,SELL
2017-01-01D04:01:05.146572,961.09,5000,SELL
2017-01-01D04:01:05.146572,961,3309,SELL
2017-01-01D04:02:34.095165,961.36,10000,SELL
2017-01-01D04:02:48.955581,961.36,1000,SELL
2017-01-01D04:03:00.505499,961.36,200,SELL
2017-01-01D04:03:00.505499,961.1,9800,SELL
2017-01-01D04:03:07.264868,961.05,1000,SELL
2017-01-01D04:03:08.693616,961.05,1000,SELL
2017-01-01D04:03:09.282077,961.05,1000,SELL
2017-01-01D04:03:10.212425,961.05,1000,SELL
2017-01-01D04:03:12.681004,961.05,1000,SELL
2017-01-01D04:03:13.774941,961,1000,SELL
2017-01-01D04:03:15.930668,961,1000,SELL
2017-01-01D04:03:17.321275,961,1000,SELL
2017-01-01D04:03:20.447019,961,1000,SELL
2017-01-01D04:03:26.327325,961,200,SELL
2017-01-01D04:03:27.186736,961,200,SELL
2017-01-01D04:03:48.649742,961,1400,SELL
2017-01-01D04:03:49.719253,961,891,SELL
2017-01-01D04:03:49.719253,960.9,509,SELL
2017-01-01D04:04:37.328919,960.9,400,SELL
2017-01-01D04:04:42.033061,960.93,400,SELL
2017-01-01D04:10:54.626571,961.19,400,SELL
2017-01-01D04:17:38.268921,961.63,6500,SELL
2017-01-01D04:17:38.268921,961.25,500,SELL
2017-01-01D04:18:50.273415,962.09,1,BUY
2017-01-01D04:26:16.311491,962.09,7999,BUY
2017-01-01D04:26:16.311491,962.1,1,BUY
2017-01-01D04:26:30.958492,962.1,2000,BUY
2017-01-01D04:29:47.679369,961.47,8000,SELL
2017-01-01D04:29:47.679369,961.46,4500,SELL
2017-01-01D04:29:47.679369,961.14,9500,SELL
2017-01-01D04:31:31.920475,961.1,1000,SELL
2017-01-01D04:31:33.693132,961.1,1000,SELL
2017-01-01D04:31:35.554188,961.1,1000,SELL
2017-01-01D04:31:40.305485,961.1,100,SELL
2017-01-01D04:31:41.660001,961.1,100,SELL
2017-01-01D04:31:43.818878,961.1,100,SELL
2017-01-01D04:31:44.971735,961.1,100,SELL
2017-01-01D04:33:51.999769,961.1,12600,SELL
2017-01-01D04:33:51.999769,960.98,24900,SELL
2017-01-01D04:34:41.670925,960.93,1000,SELL
2017-01-01D04:36:29.150429,961.94,500,BUY
2017-01-01D04:39:26.307741,961.64,100,BUY
2017-01-01D04:39:38.349685,961.64,10,BUY
2017-01-01D04:39:43.660235,961.64,10,BUY
2017-01-01D04:39:47.908316,961.64,10,BUY
2017-01-01D04:39:54.106812,961.64,10,BUY
2017-01-01D04:42:34.569911,961.71,1,BUY
2017-01-01D04:45:28.087975,961.9,878,BUY
2017-01-01D04:45:28.232336,961.9,4600,BUY
2017-01-01D04:45:30.979418,962,9,BUY
2017-01-01D04:45:56.752207,962,1,BUY
2017-01-01D04:47:36.308138,962,1,BUY
2017-01-01D04:48:29.037832,961.99,10,BUY
2017-01-01D04:58:57.367438,961.99,1,BUY
2017-01-01D05:09:13.699094,961.99,10,BUY
2017-01-01D05:09:27.416902,961.99,10,BUY
2017-01-01D05:09:34.456953,961.99,10,BUY
2017-01-01D05:09:40.012487,961.99,10,BUY
2017-01-01D05:32:36.330390,961.99,49,BUY
2017-01-01D05:32:36.330390,961.99,100,BUY
2017-01-01D05:32:36.330390,961.99,50,BUY
2017-01-01D05:32:36.330390,962,492,BUY
2017-01-01D05:33:03.769878,962.1,691,BUY
2017-01-01D05:36:25.852380,962.1,308,BUY
2017-01-01D05:36:25.852380,962.43,1881,BUY
2017-01-01D05:36:25.852380,962.44,7320,BUY
2017-01-01D05:36:25.852380,962.5,15000,BUY
2017-01-01D05:36:25.852380,962.52,2400,BUY
2017-01-01D05:36:25.852380,962.89,5000,BUY
2017-01-01D05:36:25.852380,963.05,25000,BUY
2017-01-01D05:37:48.757040,963.15,2000,BUY
2017-01-01D05:39:03.302328,963.28,900,BUY
2017-01-01D05:39:03.302328,963.28,1000,BUY
2017-01-01D05:39:03.302328,963.76,5000,BUY
2017-01-01D05:39:03.302328,964,97,BUY
2017-01-01D05:39:03.302328,964.26,2400,BUY
2017-01-01D05:39:03.302328,964.34,500,BUY
2017-01-01D05:39:03.302328,964.62,2000,BUY
2017-01-01D05:39:03.302328,964.63,5000,BUY
2017-01-01D05:39:03.302328,964.94,9500,BUY
2017-01-01D05:39:03.302328,965.51,5000,BUY
2017-01-01D05:39:03.302328,965.55,2200,BUY
2017-01-01D05:39:03.302328,965.89,2400,BUY
2017-01-01D05:39:03.302328,967.57,2400,BUY
2017-01-01D05:39:03.302328,967.87,11603,BUY
2017-01-01D05:39:05.125888,967.86,5000,BUY
2017-01-01D05:39:05.125888,967.87,427,BUY
2017-01-01D05:39:05.125888,967.89,1000,BUY
2017-01-01D05:39:05.125888,967.97,2400,BUY
2017-01-01D05:39:05.125888,968,500,BUY
2017-01-01D05:39:05.125888,968.4,500,BUY
2017-01-01D05:39:05.125888,968.84,4173,BUY
2017-01-01D05:40:05.577492,965.72,5000,BUY
2017-01-01D05:40:05.577492,965.97,2000,BUY
2017-01-01D05:40:05.577492,966.88,2400,BUY
2017-01-01D05:40:05.577492,966.92,500,BUY
2017-01-01D05:40:05.577492,966.99,100,BUY
2017-01-01D05:40:13.567780,966.98,2000,BUY
2017-01-01D05:40:13.567780,966.99,4900,BUY
2017-01-01D05:40:13.567780,966.99,500,BUY
2017-01-01D05:40:13.567780,967.51,2400,BUY
2017-01-01D05:40:13.567780,968,200,BUY
2017-01-01D05:40:41.951775,967.97,11402,BUY
2017-01-01D05:40:41.951775,967.98,2000,BUY
2017-01-01D05:40:41.951775,967.98,2400,BUY
2017-01-01D05:40:41.951775,968,5400,BUY
2017-01-01D05:40:41.951775,968,500,BUY
2017-01-01D05:40:41.951775,968.25,5000,BUY
2017-01-01D05:40:41.951775,968.39,2200,BUY
2017-01-01D05:40:41.951775,968.82,97,BUY
2017-01-01D05:40:41.951775,968.84,827,BUY
2017-01-01D05:40:41.951775,968.86,174,BUY
2017-01-01D05:41:25.965385,966.2,8000,SELL
2017-01-01D05:41:25.965385,966.19,2000,SELL
2017-01-01D05:41:35.285462,966.74,5000,SELL
2017-01-01D05:41:35.285462,966.74,500,SELL
2017-01-01D05:41:35.285462,966.22,2500,SELL
2017-01-01D05:41:35.285462,966.03,1548,SELL
2017-01-01D05:41:37.983754,968.54,1,BUY
2017-01-01D05:41:45.889557,966.03,500,SELL
2017-01-01D05:41:45.889557,965.29,1,SELL
2017-01-01D05:41:45.889557,965.28,2400,SELL
2017-01-01D05:41:45.889557,965.26,5000,SELL
2017-01-01D05:41:45.889557,963.78,1647,SELL
2017-01-01D05:41:53.105280,968.04,1,BUY
2017-01-01D05:42:00.089623,965.23,2400,SELL
2017-01-01D05:42:00.089623,965.23,500,SELL
2017-01-01D05:42:00.089623,965.22,1874,SELL
2017-01-01D05:42:19.926011,967.22,1,BUY
2017-01-01D05:42:28.271242,965.23,2,SELL
2017-01-01D05:42:28.271242,965.22,2385,SELL
2017-01-01D05:42:35.463650,967.08,1,BUY
2017-01-01D05:43:10.806547,966.73,1,BUY
2017-01-01D05:43:20.801274,964.49,2,SELL
2017-01-01D05:43:20.801274,964.49,4998,SELL
2017-01-01D05:43:25.089697,966.61,1,BUY
2017-01-01D05:43:59.841494,966.51,7999,BUY
2017-01-01D05:43:59.841494,966.52,2400,BUY
2017-01-01D05:43:59.841494,966.76,5000,BUY
2017-01-01D05:43:59.841494,967,2500,BUY
2017-01-01D05:43:59.841494,967.91,500,BUY
2017-01-01D05:43:59.841494,968,10000,BUY
2017-01-01D05:43:59.841494,968.23,2400,BUY
2017-01-01D05:43:59.841494,968.38,19201,BUY
2017-01-01D05:44:28.429757,966.02,2,SELL
2017-01-01D05:44:28.429757,966.02,500,SELL
2017-01-01D05:44:28.429757,966.01,8000,SELL
2017-01-01D05:44:28.429757,966.01,1498,SELL
2017-01-01D05:44:43.030492,966,2670,SELL
2017-01-01D05:44:43.030492,965.6,5000,SELL
2017-01-01D05:44:43.030492,965.53,2330,SELL
2017-01-01D05:45:44.086899,964.81,500,SELL
2017-01-01D05:45:44.086899,964.57,2400,SELL
2017-01-01D05:45:44.086899,964.56,5000,SELL
2017-01-01D05:45:44.086899,963.11,2100,SELL
2017-01-01D05:46:33.904862,963.75,3000,BUY
2017-01-01D05:47:50.780876,963.75,5000,BUY
2017-01-01D05:48:04.238565,963.76,1,BUY
2017-01-01D05:49:05.523204,963.81,20,BUY
2017-01-01D05:50:10.366717,963.85,25000,BUY
2017-01-01D05:51:10.064747,964.24,1,BUY
2017-01-01D05:52:10.072610,964.07,15000,BUY
2017-01-01D05:54:09.885048,964.27,1,BUY
2017-01-01D05:54:15.224329,964.33,1,BUY
2017-01-01D05:54:19.022637,964.36,1,BUY
2017-01-01D05:54:23.460738,964.38,1,BUY
2017-01-01D05:54:29.076762,964.39,1,BUY
2017-01-01D05:55:03.086830,964.39,6000,BUY
2017-01-01D05:55:10.336919,964.39,6000,BUY
2017-01-01D05:56:19.428501,964,500,BUY
2017-01-01D05:56:23.123512,964,1,BUY
2017-01-01D05:56:28.877219,964,2,BUY
2017-01-01D05:57:02.587554,964,964,BUY
2017-01-01D05:57:38.576323,964.45,11200,BUY
2017-01-01D05:57:38.576323,964.47,15299,BUY
2017-01-01D06:06:12.316931,964,500,BUY
2017-01-01D06:34:54.518672,964,250,BUY
2017-01-01D06:35:33.709958,964,200,BUY
2017-01-01D06:35:54.661715,964,14,BUY
2017-01-01D06:35:54.661715,964.43,8000,BUY
2017-01-01D06:35:54.661715,964.5,964,BUY
2017-01-01D06:35:54.661715,964.6,1022,BUY
2017-01-01D06:36:13.549848,964.6,1000,BUY
2017-01-01D06:36:16.402519,964.6,2978,BUY
2017-01-01D06:36:37.601555,964.7,97,BUY
2017-01-01D06:36:37.601555,964.95,25000,BUY
2017-01-01D06:36:37.601555,965.65,5000,BUY
2017-01-01D06:36:37.601555,965.8,500,BUY
2017-01-01D06:36:37.601555,965.93,25000,BUY
2017-01-01D06:36:39.162047,966.01,8000,SELL
2017-01-01D06:36:39.162047,966,17000,SELL
2017-01-01D06:36:44.251538,966.01,8000,SELL
2017-01-01D06:36:44.251538,966,17000,SELL
2017-01-01D06:38:20.941308,966,200,SELL
2017-01-01D06:38:44.839335,966.01,966,BUY
2017-01-01D06:38:44.839335,966.19,16000,BUY
2017-01-01D06:38:44.839335,966.2,5500,BUY
2017-01-01D06:38:44.839335,966.6,25000,BUY
2017-01-01D06:38:44.839335,966.99,20000,BUY
2017-01-01D06:38:44.839335,967,2670,BUY
2017-01-01D06:38:53.055254,967.06,25000,BUY
2017-01-01D06:41:53.705838,967,967,BUY
2017-01-01D06:41:53.705838,967,10033,BUY
2017-01-01D06:41:56.680366,967,11000,BUY
2017-01-01D06:42:01.321518,967,11000,BUY
2017-01-01D06:42:02.658623,967,3967,BUY
2017-01-01D06:42:02.658623,967.37,7033,BUY
2017-01-01D06:42:03.108038,967.37,3967,BUY
2017-01-01D06:42:06.089939,967.5,2978,BUY
2017-01-01D06:43:31.344332,967,967,BUY
2017-01-01D06:43:48.944485,967.01,1000,SELL
2017-01-01D06:45:25.790639,967.02,967,BUY
2017-01-01D06:46:45.139814,967.35,1000,BUY
2017-01-01D06:46:45.139814,967.36,2400,BUY
2017-01-01D06:49:45.652206,967.05,9548,SELL
2017-01-01D06:49:54.966097,967.05,2387,SELL
2017-01-01D06:50:04.065694,967.05,2387,SELL
2017-01-01D06:50:14.198541,967.05,9548,SELL
2017-01-01D06:50:22.489547,967.05,75163,SELL
2017-01-01D06:50:35.665878,967,2033,SELL
2017-01-01D06:55:16.882413,966.98,967,BUY
2017-01-01D06:55:16.882413,966.99,25000,BUY
2017-01-01D06:55:16.882413,967,500,BUY
2017-01-01D06:58:44.689657,967.39,968,BUY
2017-01-01D06:58:44.689657,967.4,7325,BUY
2017-01-01D06:58:44.689657,967.4,97,BUY
2017-01-01D06:58:44.689657,967.45,25000,BUY
2017-01-01D06:58:44.689657,967.5,1022,BUY
2017-01-01D06:59:14.417481,967.77,25000,BUY
2017-01-01D07:00:54.217608,967.78,8000,SELL
2017-01-01D07:00:54.217608,967.77,2000,SELL
2017-01-01D07:01:10.289452,967.77,10000,SELL
2017-01-01D07:01:23.004518,967.77,10000,SELL
2017-01-01D07:01:24.691224,967.99,8000,BUY
2017-01-01D07:01:24.691224,968,968,BUY
2017-01-01D07:01:24.691224,968,97,BUY
2017-01-01D07:01:37.170235,968,10000,SELL
2017-01-01D07:01:47.481681,968,10000,SELL
2017-01-01D07:02:06.714667,968,10000,SELL
2017-01-01D07:02:15.093160,968,968,SELL
2017-01-01D07:02:52.538733,968,10000,SELL
2017-01-01D07:02:57.193594,968,968,SELL
2017-01-01D07:03:00.523050,968,8000,SELL
2017-01-01D07:03:09.415440,967.78,8000,SELL
2017-01-01D07:03:09.415440,967.77,3000,SELL
2017-01-01D07:03:33.509467,967.06,2400,SELL
2017-01-01D07:03:33.509467,967.05,7600,SELL
2017-01-01D07:06:38.658683,967.06,10000,SELL
2017-01-01D07:13:28.387924,967.26,5000,SELL
2017-01-01D07:14:17.171592,967.19,25000,SELL
2017-01-01D07:15:16.992441,966.86,7500,SELL
2017-01-01D07:16:35.827100,966.76,8967,SELL
2017-01-01D07:16:35.879115,966.99,8000,BUY
2017-01-01D07:16:59.054493,966.64,200,SELL
2017-01-01D07:17:54.266205,967,967,BUY
2017-01-01D07:17:54.266205,967,97,BUY
2017-01-01D07:19:10.394301,967.06,7800,SELL
2017-01-01D07:19:10.394301,967.05,22200,SELL
2017-01-01D07:19:21.690987,967.05,800,SELL
2017-01-01D07:20:36.432061,967.05,500,SELL
2017-01-01D07:20:38.950554,967.05,1000,SELL
2017-01-01D07:24:00.332538,967.49,8000,BUY
2017-01-01D07:24:00.332538,967.5,25000,BUY
2017-01-01D07:28:12.887873,968,968,BUY
2017-01-01D07:28:12.887873,968.1,5000,BUY
2017-01-01D07:28:12.887873,968.18,40,BUY
2017-01-01D07:28:12.887873,968.22,8500,BUY
2017-01-01D07:28:12.887873,968.23,1961,BUY
2017-01-01D07:32:33.878186,967.8,100,BUY
2017-01-01D07:35:31.716179,967.89,700,BUY
2017-01-01D07:35:39.454973,967.62,40,SELL
2017-01-01D07:35:39.454973,967.61,460,SELL
2017-01-01D07:36:48.886114,967.89,460,BUY
2017-01-01D07:42:55.745573,967.8,100,BUY
2017-01-01D07:46:22.822654,967.79,11000,SELL
2017-01-01D07:50:30.839130,967.65,4000,BUY
2017-01-01D07:54:26.912475,967.45,4432,BUY
2017-01-01D07:54:26.912475,967.46,97,BUY
2017-01-01D07:54:26.912475,967.5,471,BUY
2017-01-01D08:01:45.520265,967.09,500,SELL
2017-01-01D08:08:34.768215,966.66,8000,SELL
2017-01-01D08:08:34.768215,966.65,2000,SELL
2017-01-01D08:08:43.535685,966.65,1432,SELL
2017-01-01D08:08:52.490759,966.65,3368,SELL
2017-01-01D08:08:52.490759,966.63,6180,SELL
2017-01-01D08:08:53.232670,966.66,2500,BUY
2017-01-01D08:09:02.016464,966.52,9548,SELL
2017-01-01D08:09:12.479288,966.4,10000,SELL
2017-01-01D08:09:21.557329,966.27,10000,SELL
2017-01-01D08:09:43.731937,966.14,30,SELL
2017-01-01D08:09:44.605360,966.15,4212,BUY
2017-01-01D08:09:44.605360,966.15,2400,BUY
2017-01-01D08:10:49.749723,966.08,10,SELL
2017-01-01D08:10:49.749723,966.07,990,SELL
2017-01-01D08:12:43.427732,966.06,10,SELL
2017-01-01D08:13:16.662814,966.05,25000,SELL
2017-01-01D08:14:13.278275,966,5000,SELL
2017-01-01D08:14:13.278275,965.91,5000,SELL
2017-01-01D08:23:01.433316,965.68,25000,SELL
2017-01-01D08:23:27.545193,965.54,5,SELL
2017-01-01D08:26:52.403787,966.33,4200,BUY
2017-01-01D08:26:52.852208,966.33,800,SELL
2017-01-01D08:26:54.974711,965.45,5,SELL
2017-01-01D08:26:54.974711,965.45,200,SELL
2017-01-01D08:26:54.974711,965.44,749,SELL
2017-01-01D08:30:51.314160,965.63,8000,BUY
2017-01-01D08:30:51.314160,965.64,97,BUY
2017-01-01D08:30:51.314160,965.64,4663,BUY
2017-01-01D08:30:51.837728,965.71,4,SELL
2017-01-01D08:33:51.485902,965.99,1,BUY
2017-01-01D08:33:56.315872,965.99,1,BUY
2017-01-01D08:33:58.243250,965.99,1,BUY
2017-01-01D08:34:01.373768,965.71,4000,SELL
2017-01-01D08:41:15.436624,965.65,150,SELL
2017-01-01D08:51:41.847446,965.43,2780,SELL
2017-01-01D08:57:13.213003,965.51,14990,BUY
2017-01-01D08:57:13.213003,965.51,4538,BUY
2017-01-01D08:57:13.213003,965.52,97,BUY
2017-01-01D08:58:21.447794,965.56,5,SELL
2017-01-01D09:02:21.406423,965.56,1064,SELL
2017-01-01D09:02:21.406423,965.56,5000,SELL
2017-01-01D09:02:21.406423,965.55,9332,SELL
2017-01-01D09:02:21.406423,965.5,19604,SELL
2017-01-01D09:15:32.437155,965.8,8000,BUY
2017-01-01D09:15:32.437155,965.8,97,BUY
2017-01-01D09:28:30.650050,966.69,4626,BUY
2017-01-01D09:28:30.650050,966.7,5000,BUY
2017-01-01D09:30:00.321467,966.7,374,SELL
2017-01-01D09:30:00.321467,966.35,8000,SELL
2017-01-01D09:30:00.321467,966.34,1626,SELL
2017-01-01D09:30:12.958760,966.35,5000,SELL
2017-01-01D09:30:12.958760,966.34,5000,SELL
2017-01-01D09:30:19.608503,966.77,60,BUY
2017-01-01D09:37:53.378022,966.63,1500,BUY
2017-01-01D09:39:00.296045,966.66,4771,SELL
2017-01-01D09:41:45.576729,966.5,1500,SELL
2017-01-01D09:41:45.576729,966.49,2400,SELL
2017-01-01D09:41:45.576729,966.41,1100,SELL
2017-01-01D09:43:47.634620,966.5,4264,BUY
2017-01-01D09:43:47.634620,966.59,5736,BUY
2017-01-01D09:43:55.142472,966.41,100,SELL
2017-01-01D09:44:01.603012,966.41,300,SELL
2017-01-01D09:44:01.603012,966.35,4700,SELL
2017-01-01D09:44:18.866811,966.34,1374,SELL
2017-01-01D09:45:00.294704,966.01,1036,SELL
2017-01-01D09:45:00.294704,966,7849,SELL
2017-01-01D09:45:39.410742,966,10000,SELL
2017-01-01D09:47:04.107875,966.05,954,SELL
2017-01-01D09:47:28.675454,966.05,1046,SELL
2017-01-01D09:47:28.675454,966,954,SELL
2017-01-01D09:47:36.526489,966,1000,SELL
2017-01-01D09:54:14.298138,965.86,1000,SELL
2017-01-01D09:54:16.344835,965.71,1500,SELL
2017-01-01D09:54:16.751221,965.71,7000,SELL
2017-01-01D09:55:24.877336,965.62,3000,BUY
2017-01-01D09:55:24.877336,965.64,4443,BUY
2017-01-01D10:02:49.820390,965.99,7000,BUY
2017-01-01D10:02:49.820390,966,5000,BUY
2017-01-01D10:02:49.820390,966,4651,BUY
2017-01-01D10:03:00.976012,966.62,97,BUY
2017-01-01D10:03:00.976012,967.4,2400,BUY
2017-01-01D10:03:00.976012,967.41,3,BUY
2017-01-01D10:05:40.070727,967.39,1500,BUY
2017-01-01D10:05:55.984392,967.39,3301,BUY
2017-01-01D10:05:55.984392,967.4,20,BUY
2017-01-01D10:05:55.984392,967.4,97,BUY
2017-01-01D10:05:55.984392,967.41,4997,BUY
2017-01-01D10:06:05.774835,967.76,200,BUY
2017-01-01D10:06:05.774835,967.86,800,BUY
2017-01-01D10:06:06.829053,967.86,24200,BUY
2017-01-01D10:06:06.829053,968.07,5000,BUY
2017-01-01D10:06:06.829053,968.2,2000,BUY
2017-01-01D10:06:06.829053,968.4,6600,BUY
2017-01-01D10:06:18.025249,968.28,20000,BUY
2017-01-01D10:06:25.623584,968.4,1000,BUY
2017-01-01D10:06:26.442425,968.4,400,BUY
2017-01-01D10:06:26.442425,968.5,600,BUY
2017-01-01D10:06:27.250804,968.5,1000,BUY
2017-01-01D10:06:28.366663,968.5,1000,BUY
2017-01-01D10:06:29.152400,968.5,1000,BUY
2017-01-01D10:06:30.332391,968.5,1000,BUY
2017-01-01D10:06:31.985066,968.5,1000,BUY
2017-01-01D10:06:32.933212,968.5,1000,BUY
2017-01-01D10:06:33.548074,968.5,1000,BUY
2017-01-01D10:06:34.751510,968.5,10000,BUY
2017-01-01D10:06:34.873320,968.5,1000,BUY
2017-01-01D10:06:43.673028,968.5,1400,BUY
2017-01-01D10:06:43.673028,968.84,2000,BUY
2017-01-01D10:06:43.673028,968.86,201,BUY
2017-01-01D10:06:43.673028,969,2399,BUY
2017-01-01D10:06:49.115799,969.12,1000,BUY
2017-01-01D10:06:52.497674,969.12,1000,BUY
2017-01-01D10:06:55.892234,969.22,1000,BUY
2017-01-01D10:06:58.728384,969.22,1000,BUY
2017-01-01D10:06:59.173867,969.22,3694,BUY
2017-01-01D10:06:59.779668,969.22,46,BUY
2017-01-01D10:06:59.779668,969.45,954,BUY
2017-01-01D10:06:59.887434,969.45,24046,BUY
2017-01-01D10:06:59.887434,969.54,150,BUY
2017-01-01D10:06:59.887434,969.69,813,BUY
2017-01-01D10:07:00.584506,969.69,1000,BUY
2017-01-01D10:07:00.918402,969.69,2237,BUY
2017-01-01D10:07:00.918402,969.75,2000,BUY
2017-01-01D10:07:00.918402,969.84,4000,BUY
2017-01-01D10:07:00.918402,970,15736,BUY
2017-01-01D10:07:03.341831,970,9264,BUY
2017-01-01D10:07:03.341831,970,494,BUY
2017-01-01D10:07:06.607516,970,6,BUY
2017-01-01D10:07:06.607516,970,4,BUY
2017-01-01D10:07:06.607516,970.04,84,BUY
2017-01-01D10:07:10.165886,970.04,16,BUY
2017-01-01D10:07:10.165886,970.35,2000,BUY
2017-01-01D10:07:10.165886,970.39,2600,BUY
2017-01-01D10:07:10.165886,970.4,22741,BUY
2017-01-01D10:07:18.432561,970.4,7257,BUY
2017-01-01D10:07:24.044104,970.4,2,BUY
2017-01-01D10:07:24.044104,970.6,8,BUY
2017-01-01D10:07:25.138647,970.6,2992,BUY
2017-01-01D10:07:25.138647,970.84,2008,BUY
2017-01-01D10:08:02.560657,970.84,100,BUY
2017-01-01D10:08:04.399112,970.84,100,BUY
2017-01-01D10:08:05.721401,970.84,100,BUY
2017-01-01D10:08:06.633192,970.84,3090,BUY
2017-01-01D10:08:06.875142,970.84,100,BUY
2017-01-01D10:08:23.740280,970.84,1000,BUY
2017-01-01D10:08:25.183086,970.84,1000,BUY
2017-01-01D10:08:28.295726,970.84,100,BUY
2017-01-01D10:08:32.297792,969.64,8000,SELL
2017-01-01D10:08:32.297792,969.63,11265,SELL
2017-01-01D10:08:32.297792,969.59,10,SELL
2017-01-01D10:08:32.297792,969.39,25000,SELL
2017-01-01D10:08:32.297792,969.36,5000,SELL
2017-01-01D10:08:32.297792,969.34,2400,SELL
2017-01-01D10:08:32.297792,969,12016,SELL
2017-01-01D10:08:32.297792,968.97,5000,SELL
2017-01-01D10:08:32.297792,968.5,12016,SELL
2017-01-01D10:08:32.297792,968.42,19293,SELL
2017-01-01D10:08:34.477624,970.8,1500,BUY
2017-01-01D10:09:34.478816,970.78,38,BUY
2017-01-01D10:09:34.478816,970.79,462,BUY
2017-01-01D10:10:02.909010,970.79,1500,BUY
2017-01-01D10:10:10.965580,970.79,6038,BUY
2017-01-01D10:10:31.343896,970.06,6000,SELL
2017-01-01D10:11:13.655243,969.99,4731,BUY
2017-01-01D10:11:13.655243,969.99,6000,BUY
2017-01-01D10:11:26.773144,970,8000,SELL
2017-01-01D10:11:26.773144,969.99,4409,SELL
2017-01-01D10:11:28.007187,970.32,98,BUY
2017-01-01D10:11:28.007187,970.79,1902,BUY
2017-01-01D10:11:29.419114,970.79,2000,BUY
2017-01-01D10:11:29.674520,970.79,500,BUY
2017-01-01D10:11:30.306329,970.79,2000,BUY
2017-01-01D10:11:31.680529,970.79,1598,BUY
2017-01-01D10:11:31.680529,970.8,402,BUY
2017-01-01D10:11:31.846090,970.8,500,BUY
2017-01-01D10:11:34.568158,970.8,2000,BUY
2017-01-01D10:11:41.420235,970.06,8000,SELL
2017-01-01D10:11:41.420235,970.05,4409,SELL
2017-01-01D10:12:09.210800,970.79,13,BUY
2017-01-01D10:12:09.210800,970.79,987,BUY
2017-01-01D10:12:47.360893,970.78,9,BUY
2017-01-01D10:12:47.360893,970.79,991,BUY
2017-01-01D10:13:09.951801,970.79,2793,BUY
2017-01-01D10:13:09.951801,970.79,207,BUY
2017-01-01D10:13:12.429454,970.8,598,BUY
2017-01-01D10:13:12.429454,970.83,2402,BUY
2017-01-01D10:14:45.310818,970.41,17,SELL
2017-01-01D10:14:54.353975,970.57,600,BUY
2017-01-01D10:15:18.343077,970.57,10,SELL
2017-01-01D10:15:21.995573,970.83,4818,BUY
2017-01-01D10:15:21.995573,970.84,2402,BUY
2017-01-01D10:15:21.995573,970.92,2000,BUY
2017-01-01D10:15:21.995573,971,1830,BUY
2017-01-01D10:15:39.328606,971,500,BUY
2017-01-01D10:15:42.455427,971,670,BUY
2017-01-01D10:15:42.455427,971,830,BUY
2017-01-01D10:15:46.396665,971,20,BUY
2017-01-01D10:15:48.220211,971,150,BUY
2017-01-01D10:15:48.220211,971,9990,BUY
2017-01-01D10:15:49.584073,971,10,BUY
2017-01-01D10:15:49.584073,971,50,BUY
2017-01-01D10:15:49.584073,971.17,40,BUY
2017-01-01D10:15:50.661932,971.17,100,BUY
2017-01-01D10:15:51.813859,971.17,852,BUY
2017-01-01D10:16:04.148912,971.17,8,BUY
2017-01-01D10:16:04.148912,971.4,98,BUY
2017-01-01D10:16:04.148912,971.5,10000,BUY
2017-01-01D10:16:04.148912,971.5,4519,BUY
2017-01-01D10:16:04.148912,971.7,6000,BUY
2017-01-01D10:16:04.148912,971.75,2000,BUY
2017-01-01D10:16:04.148912,972,1342,BUY
2017-01-01D10:16:04.148912,972,1,BUY
2017-01-01D10:16:04.148912,972,1000,BUY
2017-01-01D10:16:04.148912,972.02,3032,BUY
2017-01-01D10:16:05.134334,972.02,4168,BUY
2017-01-01D10:16:05.134334,972.52,5000,BUY
2017-01-01D10:16:05.134334,972.83,832,BUY
2017-01-01D10:16:20.642615,972.83,4709,BUY
2017-01-01D10:16:20.642615,972.84,10000,BUY
2017-01-01D10:16:20.642615,972.92,4000,BUY
2017-01-01D10:16:20.642615,973,1342,BUY
2017-01-01D10:16:20.642615,973,85,BUY
2017-01-01D10:16:20.642615,973,1000,BUY
2017-01-01D10:16:22.991653,973.36,1000,BUY
2017-01-01D10:16:24.371941,973.35,1000,BUY
2017-01-01D10:16:26.910646,973.37,1000,BUY
2017-01-01D10:16:30.575232,973.37,100,BUY
2017-01-01D10:16:31.540802,973.37,100,BUY
2017-01-01D10:16:32.689902,973.7,100,BUY
2017-01-01D10:16:33.525829,973.7,100,BUY
2017-01-01D10:16:35.062403,973.73,100,BUY
2017-01-01D10:16:36.874441,973.73,100,BUY
2017-01-01D10:16:37.835390,973.74,100,BUY
2017-01-01D10:16:38.403729,973.74,21136,BUY
2017-01-01D10:16:39.359225,973,5,BUY
2017-01-01D10:16:39.359225,973.74,95,BUY
2017-01-01D10:16:43.878277,974,1000,BUY
2017-01-01D10:16:43.878277,974,500,BUY
2017-01-01D10:16:44.048146,974,10,BUY
2017-01-01D10:16:45.424467,973.01,8000,SELL
2017-01-01D10:16:45.424467,973,2000,SELL
2017-01-01D10:17:10.863684,972.26,5000,SELL
2017-01-01D10:17:10.863684,972.26,5000,SELL
2017-01-01D10:18:03.532270,972.99,32,BUY
2017-01-01D10:18:03.532270,973,27,BUY
2017-01-01D10:18:03.532270,973.99,941,BUY
2017-01-01D10:18:05.912950,973.98,114,BUY
2017-01-01D10:18:05.912950,973.99,886,BUY
2017-01-01D10:18:11.013480,973.99,100,BUY
2017-01-01D10:18:14.566668,973.99,3000,BUY
2017-01-01D10:18:15.981083,973.99,10,BUY
2017-01-01D10:18:17.273956,973.99,10,BUY
2017-01-01D10:18:19.575753,973.99,10,BUY
2017-01-01D10:18:20.758301,973.99,10,BUY
2017-01-01D10:18:22.305911,973.99,10,BUY
2017-01-01D10:18:27.016194,973.99,3023,BUY
2017-01-01D10:18:27.016194,974,29490,BUY
2017-01-01D10:18:33.275552,974,27,SELL
2017-01-01D10:18:34.817837,974,27,SELL
2017-01-01D10:18:38.405635,974.03,10,SELL
2017-01-01D10:18:38.405635,974,17,SELL
2017-01-01D10:18:40.847604,974,27,SELL
2017-01-01D10:18:56.535646,974,2389,SELL
2017-01-01D10:18:56.535646,973.15,5000,SELL
2017-01-01D10:18:56.535646,973.14,2611,SELL
2017-01-01D10:19:11.610922,973.28,5000,SELL
2017-01-01D10:19:11.610922,972.9,5000,SELL
2017-01-01D10:19:12.663604,972.9,15,SELL
2017-01-01D10:19:21.518573,972.5,15,SELL
2017-01-01D10:19:31.889562,972.5,5,SELL
2017-01-01D10:21:15.612925,972.92,240,SELL
2017-01-01D10:23:08.966849,972.4,100,SELL
2017-01-01D10:23:38.048597,971.64,374,SELL
2017-01-01D10:23:38.048597,971.63,126,SELL
2017-01-01D10:24:24.040971,972.99,2780,BUY
2017-01-01D10:24:54.123322,972.6,2780,SELL
2017-01-01D10:24:54.553638,972.59,5,SELL
2017-01-01D10:25:29.341458,972.59,14995,SELL
2017-01-01D10:25:39.072609,971.49,540,SELL
2017-01-01D10:25:39.631887,971.49,972,SELL
2017-01-01D10:25:47.023987,971.5,10,SELL
2017-01-01D10:25:47.023987,971.49,990,SELL
2017-01-01D10:25:49.172321,971.5,10,SELL
2017-01-01D10:26:42.617282,971.42,1000,SELL
2017-01-01D10:26:48.134347,971.41,20,SELL
2017-01-01D10:26:49.806510,971.42,7900,SELL
2017-01-01D10:26:58.488479,971.32,10000,SELL
2017-01-01D10:27:31.512166,972.32,98,BUY
2017-01-01D10:27:31.512166,972.77,7902,BUY
2017-01-01D10:27:56.027351,971.99,98,BUY
2017-01-01D10:27:56.027351,972,19902,BUY
2017-01-01D10:28:15.192257,971.71,27,SELL
2017-01-01D10:28:18.965552,971.75,27,SELL
2017-01-01D10:28:21.075658,971.77,27,SELL
2017-01-01D10:28:24.075160,971.79,27,SELL
2017-01-01D10:28:27.409531,971.83,27,SELL
2017-01-01D10:29:04.526720,972.13,5000,SELL
2017-01-01D10:29:44.585518,972.17,27,SELL
2017-01-01D10:29:45.371687,972.17,27,SELL
2017-01-01D10:29:47.110669,972.17,27,SELL
2017-01-01D10:29:48.475855,972.17,27,SELL
2017-01-01D10:29:50.157732,972.17,27,SELL
2017-01-01D10:29:52.065888,972.17,27,SELL
2017-01-01D10:29:53.166883,972.17,27,SELL
2017-01-01D10:29:54.060549,972.17,27,SELL
2017-01-01D10:29:55.608045,972.17,27,SELL
2017-01-01D10:29:55.842952,972.17,2622,SELL
2017-01-01D10:29:55.842952,972.16,27,SELL
2017-01-01D10:29:59.229769,972.18,27,SELL
2017-01-01D10:30:00.537439,972.18,27,SELL
2017-01-01D10:30:17.973827,972.18,2346,SELL
2017-01-01D10:30:18.603730,972.17,27,SELL
2017-01-01D10:30:20.360982,972.17,27,SELL
2017-01-01D10:30:21.986351,972.17,27,SELL
2017-01-01D10:30:23.220605,972.17,27,SELL
2017-01-01D10:30:24.921756,972.17,27,SELL
2017-01-01D10:30:26.502747,972.17,27,SELL
2017-01-01D10:30:28.206579,972.17,27,SELL
2017-01-01D10:30:40.360333,972.19,20,BUY
2017-01-01D10:30:45.946076,972.17,243,SELL
2017-01-01D10:30:48.014436,972.19,15,BUY
2017-01-01D10:30:48.317892,972.17,243,SELL
2017-01-01D10:31:03.827665,972.17,243,SELL
2017-01-01D10:31:06.786523,972.17,243,SELL
2017-01-01D10:31:52.532260,972.17,243,SELL
2017-01-01D10:31:56.748748,972.17,243,SELL
2017-01-01D10:32:26.908208,972.17,975,SELL
2017-01-01D10:32:32.319992,971.02,1,SELL
2017-01-01D10:33:13.902435,971.02,1500,SELL
2017-01-01D10:33:16.492693,971.02,899,SELL
2017-01-01D10:33:16.492693,971,5506,SELL
2017-01-01D10:33:16.492693,971,6000,SELL
2017-01-01D10:33:16.492693,970.54,25000,SELL
2017-01-01D10:33:16.492693,970.52,745,SELL
2017-01-01D10:33:20.207535,970.8,1500,SELL
2017-01-01D10:34:35.970486,970.8,500,SELL
2017-01-01D10:35:37.374728,970.99,10000,BUY
2017-01-01D10:35:51.482164,970.99,622,BUY
2017-01-01D10:35:51.482164,971,9378,BUY
2017-01-01D10:36:03.548755,970.8,1,SELL
2017-01-01D10:37:35.158385,971,622,BUY
2017-01-01D10:37:35.158385,971.48,578,BUY
2017-01-01D10:38:17.120115,971.48,5,BUY
2017-01-01D10:39:10.886791,971.5,5000,BUY
2017-01-01D10:39:10.886791,971.5,214,BUY
2017-01-01D10:39:10.886791,972,4786,BUY
2017-01-01D10:40:31.493142,972,500,BUY
2017-01-01D10:40:35.574488,972,500,BUY
2017-01-01D10:40:43.820347,972,500,BUY
2017-01-01D10:40:46.529109,972,10000,BUY
2017-01-01D10:40:49.437950,972,10000,BUY
2017-01-01D10:40:49.636184,972,2620,BUY
2017-01-01D10:40:52.392762,972,5000,BUY
2017-01-01D10:40:55.580621,972,10000,BUY
2017-01-01D10:40:57.063857,972,500,BUY
2017-01-01D10:41:01.488483,972,380,BUY
2017-01-01D10:41:04.482863,972.48,98,BUY
2017-01-01D10:41:04.482863,972.5,10000,BUY
2017-01-01D10:41:04.482863,972.85,2400,BUY
2017-01-01D10:41:04.482863,973,100,BUY
2017-01-01D10:41:04.482863,973.44,5000,BUY
2017-01-01D10:41:04.482863,973.47,22402,BUY
2017-01-01D10:41:04.954122,973.47,1000,BUY
2017-01-01D10:41:07.833849,973.5,214,BUY
2017-01-01D10:41:07.833849,973.84,786,BUY
2017-01-01D10:41:09.840033,973.84,1000,BUY
2017-01-01D10:41:15.043656,973.85,1000,BUY
2017-01-01D10:41:28.338679,973.97,100,BUY
2017-01-01D10:41:53.192878,974,500,BUY
2017-01-01D10:42:21.596964,974,4500,BUY
2017-01-01D10:42:21.596964,974.18,2200,BUY
2017-01-01D10:42:21.596964,974.2,3300,BUY
2017-01-01D10:42:28.781372,974.2,14700,BUY
2017-01-01D10:42:28.781372,974.24,25000,BUY
2017-01-01D10:42:28.781372,974.5,300,BUY
2017-01-01D10:42:29.411274,973.15,1871,SELL
2017-01-01D10:42:37.471874,974.5,4700,BUY
2017-01-01D10:42:37.471874,974.5,5000,BUY
2017-01-01D10:42:50.079603,973.1,127,SELL
2017-01-01D10:42:53.505286,973.1,127,SELL
2017-01-01D10:42:57.868780,973.1,127,SELL
2017-01-01D10:43:16.913796,974.48,5000,BUY
2017-01-01D10:43:25.373679,974.48,127,SELL
2017-01-01D10:43:27.751250,974.48,127,SELL
2017-01-01D10:43:27.940425,974.49,5000,BUY
2017-01-01D10:43:28.885510,974.48,127,SELL
2017-01-01D10:43:36.913830,974.7,2252,BUY
2017-01-01D10:43:36.913830,974.71,8882,BUY
2017-01-01D10:44:07.445316,974.83,25000,BUY
2017-01-01D10:44:11.397167,974.34,5000,SELL
2017-01-01D10:44:17.484376,974.4,127,SELL
2017-01-01D10:44:19.152612,974.41,127,SELL
2017-01-01D10:44:21.511029,974.44,127,SELL
2017-01-01D10:44:22.826948,974.44,127,SELL
2017-01-01D10:44:24.238947,974.46,127,SELL
2017-01-01D10:44:28.875987,974.47,2400,SELL
2017-01-01D10:44:28.875987,974.46,2492,SELL
2017-01-01D10:44:28.875987,973.5,3000,SELL
2017-01-01D10:44:28.875987,973.5,108,SELL
2017-01-01D10:44:30.056695,974.84,4000,BUY
2017-01-01D10:44:45.561010,973.36,1200,SELL
2017-01-01D10:45:31.614269,974.83,500,BUY
2017-01-01D10:45:44.701776,974,127,SELL
2017-01-01D10:45:46.481221,974,127,SELL
2017-01-01D10:45:47.850758,974,127,SELL
2017-01-01D10:45:49.027865,974.02,127,SELL
2017-01-01D10:45:50.522077,974.01,127,SELL
2017-01-01D10:45:52.593890,974.04,127,SELL
2017-01-01D10:45:53.571265,974.04,119,SELL
2017-01-01D10:45:53.571265,974.03,8,SELL
2017-01-01D10:46:51.613359,974.83,500,BUY
2017-01-01D10:47:47.529984,974.31,127,SELL
2017-01-01D10:47:48.613016,974.31,127,SELL
2017-01-01D10:47:50.510789,974.31,127,SELL
2017-01-01D10:47:52.531400,974.31,119,SELL
2017-01-01D10:47:52.531400,974.3,8,SELL
2017-01-01D10:47:54.025069,974.3,127,SELL
2017-01-01D10:47:56.832409,974.31,127,SELL
2017-01-01D10:47:58.269784,974.31,127,SELL
2017-01-01D10:47:59.601128,974.31,127,SELL
2017-01-01D10:48:00.809755,974.31,127,SELL
2017-01-01D10:48:02.341457,974.31,127,SELL
2017-01-01D10:48:04.667922,974.31,127,SELL
2017-01-01D10:48:13.522277,974.83,1200,BUY
2017-01-01D10:48:27.514048,974.31,2672,SELL
2017-01-01D10:48:27.514048,974.3,2865,SELL
2017-01-01D10:48:27.514048,974.18,4463,SELL
2017-01-01D10:48:30.892991,974.83,6800,BUY
2017-01-01D10:48:38.960103,974.32,537,SELL
2017-01-01D10:48:38.960103,974.28,8000,SELL
2017-01-01D10:48:38.960103,974.27,1463,SELL
2017-01-01D10:48:40.672083,974.29,5000,SELL
2017-01-01D10:48:40.672083,974.28,1038,SELL
2017-01-01D10:48:52.704050,974.28,6962,SELL
2017-01-01D10:48:52.704050,974.27,3038,SELL
2017-01-01D10:49:02.850672,974.83,2783,BUY
2017-01-01D10:49:16.052813,974.25,1121,SELL
2017-01-01D10:49:41.614846,974.83,13217,BUY
2017-01-01D10:49:41.614846,974.84,2224,BUY
2017-01-01D10:50:03.873013,974.82,2000,BUY
2017-01-01D10:50:04.004779,974.72,3879,SELL
2017-01-01D10:50:09.921638,974.72,240,BUY
2017-01-01D10:50:29.107557,974.72,3381,BUY
2017-01-01D10:50:29.107557,974.84,3776,BUY
2017-01-01D10:50:29.107557,975,1342,BUY
2017-01-01D10:50:29.107557,975,500,BUY
2017-01-01D10:50:29.107557,975,400,BUY
2017-01-01D10:50:29.107557,975,1000,BUY
2017-01-01D10:50:29.107557,975,5000,BUY
2017-01-01D10:50:29.107557,975.45,2400,BUY
2017-01-01D10:50:29.107557,975.55,2000,BUY
2017-01-01D10:50:29.107557,975.71,500,BUY
2017-01-01D10:50:29.107557,975.93,10,BUY
2017-01-01D10:50:29.107557,975.94,200,BUY
2017-01-01D10:50:29.107557,975.94,10000,BUY
2017-01-01D10:50:29.107557,975.95,19491,BUY
2017-01-01D10:50:30.141284,975.93,500,BUY
2017-01-01D10:50:30.141284,975.95,500,BUY
2017-01-01D10:50:34.731602,975.95,2209,BUY
2017-01-01D10:50:34.731602,975.96,10000,BUY
2017-01-01D10:50:34.731602,976,2600,BUY
2017-01-01D10:50:34.731602,976,1200,BUY
2017-01-01D10:50:34.731602,976,1,BUY
2017-01-01D10:50:34.731602,976,1000,BUY
2017-01-01D10:50:34.731602,976.23,2400,BUY
2017-01-01D10:50:34.731602,976.25,25000,BUY
2017-01-01D10:50:34.731602,976.3,100,BUY
2017-01-01D10:50:34.731602,976.61,2400,BUY
2017-01-01D10:50:34.731602,976.87,3090,BUY
2017-01-01D10:50:38.875544,976.62,25000,BUY
2017-01-01D10:50:38.875544,976.87,1910,BUY
2017-01-01D10:50:38.875544,977,1200,BUY
2017-01-01D10:50:38.875544,977,1000,BUY
2017-01-01D10:50:39.468274,977,20890,SELL
2017-01-01D10:50:54.431507,975.49,500,SELL
2017-01-01D10:50:54.431507,975.49,8000,SELL
2017-01-01D10:50:54.431507,975.48,1500,SELL
2017-01-01D10:51:00.296565,975.54,127,SELL
2017-01-01D10:51:01.461439,976.99,2600,BUY
2017-01-01D10:51:02.138074,975.54,127,SELL
2017-01-01D10:51:03.638948,975.57,127,SELL
2017-01-01D10:51:05.145503,975.54,127,SELL
2017-01-01D10:51:06.744348,975.57,127,SELL
2017-01-01D10:51:16.355868,976.94,2000,BUY
2017-01-01D10:51:18.951060,976.94,50,BUY
2017-01-01D10:51:22.145759,975.83,2473,SELL
2017-01-01D10:51:22.145759,975.82,5000,SELL
2017-01-01D10:51:22.145759,975.54,500,SELL
2017-01-01D10:51:22.145759,975.49,2027,SELL
2017-01-01D10:51:40.309774,976.97,1000,BUY
2017-01-01D10:51:45.508684,976.97,800,BUY
2017-01-01D10:51:51.615431,976.97,4150,BUY
2017-01-01D10:51:51.615431,976.99,8000,BUY
2017-01-01D10:51:51.615431,977,5000,BUY
2017-01-01D10:51:51.615431,977,5000,BUY
2017-01-01D10:51:51.615431,977,1850,BUY
2017-01-01D10:52:02.978937,976.41,127,SELL
2017-01-01D10:52:31.775923,976,127,BUY
2017-01-01D10:52:31.775923,976,127,BUY
2017-01-01D10:52:35.376016,976.07,1432,SELL
2017-01-01D10:52:41.502782,976.99,127,BUY
2017-01-01D10:52:53.441146,976.99,1432,BUY
2017-01-01D10:53:32.261253,977,3150,BUY
2017-01-01D10:53:33.348344,977.18,200,BUY
2017-01-01D10:53:33.348344,977.9,49800,BUY
2017-01-01D10:53:37.889966,977.03,127,SELL
2017-01-01D10:53:40.000330,977.15,127,SELL
2017-01-01D10:53:40.257655,977.9,1,BUY
2017-01-01D10:53:42.231657,977.21,127,SELL
2017-01-01D10:53:43.921080,977.04,127,SELL
2017-01-01D10:53:44.734937,977.04,127,SELL
2017-01-01D10:53:45.767288,977.04,127,SELL
2017-01-01D10:53:47.500311,977.04,127,SELL
2017-01-01D10:53:49.556199,977.14,127,SELL
2017-01-01D10:53:51.519017,977.04,127,SELL
2017-01-01D10:53:52.888675,977.04,127,SELL
2017-01-01D10:53:56.341841,977.32,127,SELL
2017-01-01D10:54:34.742633,977.44,127,SELL
2017-01-01D10:54:37.598987,977.42,127,SELL
2017-01-01D10:54:39.728127,977.42,127,SELL
2017-01-01D10:54:41.089937,977.42,127,SELL
2017-01-01D10:54:42.603819,977.42,127,SELL
2017-01-01D10:54:43.801669,977.42,127,SELL
2017-01-01D10:54:45.091029,977.42,127,SELL
2017-01-01D10:54:46.790608,977.42,127,SELL
2017-01-01D10:55:20.037226,977.51,127,SELL
2017-01-01D10:55:22.542057,977.51,127,SELL
2017-01-01D10:55:24.233538,977.52,127,SELL
2017-01-01D10:55:25.685275,977.51,127,SELL
2017-01-01D10:55:25.783215,977.51,1200,SELL
2017-01-01D10:55:26.976950,977.59,127,SELL
2017-01-01D10:55:28.970447,977.51,127,SELL
2017-01-01D10:55:31.408466,977.51,4768,SELL
2017-01-01D10:55:31.408466,977.5,4492,SELL
2017-01-01D10:55:57.923097,977.51,4365,SELL
2017-01-01D10:56:07.247326,977.5,508,SELL
2017-01-01D10:56:15.795448,977.26,2400,SELL
2017-01-01D10:56:15.795448,977.24,750,SELL
2017-01-01D10:56:25.619360,977.33,4365,SELL
2017-01-01D10:56:29.145365,977.29,127,SELL
2017-01-01D10:56:30.165355,977.29,127,SELL
2017-01-01D10:56:31.084779,977.29,127,SELL
2017-01-01D10:56:32.915847,977.29,127,SELL
2017-01-01D10:56:34.586528,977.31,127,SELL
2017-01-01D10:56:35.356503,977.31,500,SELL
2017-01-01D10:56:36.306905,977.31,127,SELL
2017-01-01D10:56:38.434570,977.3,127,SELL
2017-01-01D10:56:49.123071,977.89,2400,BUY
2017-01-01D10:57:06.793481,977.5,5000,SELL
2017-01-01D10:58:05.714425,977.16,5000,SELL
2017-01-01D10:58:13.753595,977.16,5000,SELL
2017-01-01D10:58:22.693138,977.16,127,SELL
2017-01-01D10:59:11.557782,977.64,127,SELL
2017-01-01D10:59:13.167190,977.66,127,SELL
2017-01-01D10:59:22.971787,977.67,200,SELL
2017-01-01D10:59:36.328438,977.8,98,BUY
2017-01-01D10:59:36.328438,977.89,1965,BUY
2017-01-01D10:59:36.328438,977.9,199,BUY
2017-01-01D10:59:36.328438,977.97,8000,BUY
2017-01-01D10:59:36.328438,977.98,2000,BUY
2017-01-01D10:59:36.328438,978,1200,BUY
2017-01-01D10:59:36.328438,978,10000,BUY
2017-01-01D10:59:36.328438,978,5000,BUY
2017-01-01D10:59:44.126830,979,1200,BUY
2017-01-01D10:59:44.126830,979,1,BUY
2017-01-01D10:59:45.091612,979,5000,SELL
2017-01-01D10:59:45.203658,979.05,2600,BUY
2017-01-01D10:59:45.203658,979.09,700,BUY
2017-01-01D10:59:45.203658,979.45,4200,BUY
2017-01-01D11:00:08.672925,979.01,127,SELL
2017-01-01D11:00:13.546293,979.01,127,SELL
2017-01-01D11:00:38.670875,979.01,5000,SELL
2017-01-01D11:00:44.602938,979.01,2746,SELL
2017-01-01D11:00:45.959586,979,4500,SELL
2017-01-01D11:00:48.799785,979,39299,SELL
2017-01-01D11:00:54.674183,978,6413,SELL
2017-01-01D11:00:54.784952,978,15125,SELL
2017-01-01D11:00:54.784952,977.64,18975,SELL
2017-01-01D11:01:02.888362,978.62,100,BUY
2017-01-01D11:01:40.882199,977.87,8000,BUY
2017-01-01D11:01:40.882199,977.88,10000,BUY
2017-01-01D11:01:40.882199,977.88,98,BUY
2017-01-01D11:01:40.882199,978,978,BUY
2017-01-01D11:01:48.501868,978.37,25000,BUY
2017-01-01D11:02:00.715810,978.53,25000,BUY
2017-01-01D11:02:07.510662,978.38,127,SELL
2017-01-01D11:02:07.599804,978.38,7873,SELL
2017-01-01D11:02:07.599804,978.37,12127,SELL
2017-01-01D11:02:28.875039,978.38,20,SELL
2017-01-01D11:02:34.895909,978.38,3000,SELL
2017-01-01D11:02:46.080246,978.98,500,BUY
2017-01-01D11:02:46.080246,978.98,500,BUY
2017-01-01D11:02:46.080246,978.99,10,BUY
2017-01-01D11:02:46.080246,978.99,979,BUY
2017-01-01D11:02:46.080246,979,10011,BUY
2017-01-01D11:02:52.185377,978.39,10,SELL
2017-01-01D11:02:52.185377,978.38,1490,SELL
2017-01-01D11:02:56.954831,978.38,3363,SELL
2017-01-01D11:02:56.954831,978.38,1637,SELL
2017-01-01D11:03:19.707664,978.38,501,SELL
2017-01-01D11:03:19.707664,978.37,499,SELL
2017-01-01D11:03:21.721834,978.37,20000,SELL
2017-01-01D11:03:40.957280,978.37,10000,SELL
2017-01-01D11:03:53.129421,978.37,12323,SELL
2017-01-01D11:04:38.619473,978.37,1000,SELL
2017-01-01D11:04:44.633291,978.37,10000,SELL
2017-01-01D11:04:56.977171,977.5,5000,SELL
2017-01-01D11:04:56.977171,977,2746,SELL
2017-01-01D11:04:56.977171,977,5500,SELL
2017-01-01D11:04:56.977171,976.5,11754,SELL
2017-01-01D11:04:58.811920,978.47,45,BUY
2017-01-01D11:06:33.622864,977.31,45,SELL
2017-01-01D11:06:33.622864,977.3,1864,SELL
2017-01-01D11:06:34.037849,977.3,2500,SELL
2017-01-01D11:06:49.141116,977.22,2387,SELL
2017-01-01D11:06:59.109206,977.29,1432,SELL
2017-01-01D11:07:11.414748,977.48,40,BUY
2017-01-01D11:07:11.414748,977.49,3960,BUY
2017-01-01D11:07:11.506820,977.38,954,SELL
2017-01-01D11:07:31.093682,977.28,10,SELL
2017-01-01D11:07:31.093682,977.11,3960,SELL
2017-01-01D11:07:31.093682,977.1,1030,SELL
2017-01-01D11:07:35.719588,977.25,10,SELL
2017-01-01D11:07:35.719588,977.24,4990,SELL
2017-01-01D11:07:40.790645,977.49,4040,BUY
2017-01-01D11:07:40.790645,977.5,5000,BUY
2017-01-01D11:07:53.815149,977.99,10,BUY
2017-01-01D11:07:55.608362,977.25,2387,SELL
2017-01-01D11:08:19.326144,977.83,6337,BUY
2017-01-01D11:08:19.326144,977.84,2400,BUY
2017-01-01D11:08:29.436625,978,5000,BUY
2017-01-01D11:08:39.738820,978.07,500,BUY
2017-01-01D11:08:39.738820,978.42,20000,BUY
2017-01-01D11:08:55.420794,978.5,100,BUY
2017-01-01D11:11:49.991508,977.1,100,SELL
2017-01-01D11:11:55.784542,977.1,2000,SELL
2017-01-01D11:12:04.344359,977.1,2615,SELL
2017-01-01D11:12:26.995668,977.1,3285,SELL
2017-01-01D11:12:26.995668,977.09,1715,SELL
2017-01-01D11:12:39.508634,977.09,3285,SELL
2017-01-01D11:12:39.508634,976.57,1715,SELL
2017-01-01D11:12:53.626631,976.5,5000,SELL
2017-01-01D11:12:53.626631,976.23,5000,SELL
2017-01-01D11:12:54.019871,977.49,1160,BUY
2017-01-01D11:13:03.224216,976.29,1160,SELL
2017-01-01D11:13:03.224216,976.28,2400,SELL
2017-01-01D11:13:03.224216,976.11,6440,SELL
2017-01-01D11:13:09.737223,976.08,5000,SELL
2017-01-01D11:13:09.737223,976.04,5000,SELL
2017-01-01D11:13:12.913334,975.99,4900,SELL
2017-01-01D11:13:17.339002,976,10000,SELL
2017-01-01D11:13:21.388916,975.88,10000,SELL
2017-01-01D11:13:26.591240,975.72,10000,SELL
2017-01-01D11:13:29.145839,975.57,10000,SELL
2017-01-01D11:13:30.586083,975.57,1160,SELL
2017-01-01D11:13:32.579802,975.42,2400,SELL
2017-01-01D11:13:32.579802,975.41,7600,SELL
2017-01-01D11:13:35.616696,975.31,10000,SELL
2017-01-01D11:13:39.083974,975.29,5000,SELL
2017-01-01D11:13:39.083974,975.15,5000,SELL
2017-01-01D11:13:42.231997,975.15,10000,SELL
2017-01-01D11:13:43.963036,975.11,321,SELL
2017-01-01D11:13:43.963036,975,2000,SELL
2017-01-01D11:13:43.963036,975,45,SELL
2017-01-01D11:13:43.963036,974.69,2400,SELL
2017-01-01D11:13:43.963036,974.65,5000,SELL
2017-01-01D11:13:43.963036,974.62,234,SELL
2017-01-01D11:13:46.444140,974.57,10000,SELL
2017-01-01D11:13:48.147525,974.57,500,SELL
2017-01-01D11:13:50.987169,974.48,3000,SELL
2017-01-01D11:13:50.987169,974.23,7000,SELL
2017-01-01D11:13:53.681160,974.23,10000,SELL
2017-01-01D11:13:56.712651,974.33,5000,SELL
2017-01-01D11:13:56.712651,974.32,5000,SELL
2017-01-01D11:13:59.487197,974.47,10000,SELL
2017-01-01D11:14:03.764652,974.32,10000,SELL
2017-01-01D11:14:07.791557,976.17,8000,BUY
2017-01-01D11:14:07.791557,976.18,2400,BUY
2017-01-01D11:14:07.791557,976.31,5000,BUY
2017-01-01D11:14:07.791557,976.54,98,BUY
2017-01-01D11:14:07.791557,976.94,25000,BUY
2017-01-01D11:14:07.791557,977,5000,BUY
2017-01-01D11:14:07.791557,977.41,500,BUY
2017-01-01D11:14:07.791557,977.87,20,BUY
2017-01-01D11:14:07.791557,977.88,15000,BUY
2017-01-01D11:14:07.791557,977.9,5000,BUY
2017-01-01D11:14:07.791557,977.91,25000,BUY
2017-01-01D11:14:07.791557,977.96,2400,BUY
2017-01-01D11:14:07.791557,978,978,BUY
2017-01-01D11:14:07.791557,978,5000,BUY
2017-01-01D11:14:07.791557,978.5,604,BUY
2017-01-01D11:14:20.892631,975.58,20,SELL
2017-01-01D11:14:20.892631,975.58,30,SELL
2017-01-01D11:16:57.259863,977.39,500,SELL
2017-01-01D11:17:04.030683,976.76,1,SELL
2017-01-01D11:17:32.415812,977.65,1,BUY
2017-01-01D11:17:32.415812,977.65,20,BUY
2017-01-01D11:17:32.415812,977.65,9979,BUY
2017-01-01D11:17:44.360232,977.65,10000,BUY
2017-01-01D11:17:47.480960,977.65,2221,BUY
2017-01-01D11:17:47.480960,977.76,7779,BUY
2017-01-01D11:17:58.395868,977.87,1000,BUY
2017-01-01D11:18:04.635620,976.77,10,SELL
2017-01-01D11:18:04.635620,976.62,90,SELL
2017-01-01D11:18:20.455279,976.63,10,SELL
2017-01-01D11:18:20.455279,976.59,90,SELL
2017-01-01D11:20:22.328719,977.21,89,BUY
2017-01-01D11:20:40.050740,977.21,11,BUY
2017-01-01D11:20:40.050740,977.21,100,BUY
2017-01-01D11:20:40.050740,977.22,98,BUY
2017-01-01D11:20:40.050740,977.24,180,BUY
2017-01-01D11:20:46.037627,977.25,4500,BUY
2017-01-01D11:21:47.606924,978.08,500,BUY
2017-01-01D11:22:07.370759,978.66,2400,BUY
2017-01-01D11:22:07.370759,978.67,22600,BUY
2017-01-01D11:22:19.210751,978.8,1000,BUY
2017-01-01D11:22:19.210751,978.99,20402,BUY
2017-01-01D11:22:26.708195,977.4,8000,SELL
2017-01-01D11:23:19.753881,978.78,20,BUY
2017-01-01D11:23:19.753881,978.78,98,BUY
2017-01-01D11:23:19.753881,978.79,7882,BUY
2017-01-01D11:23:33.758394,978.79,118,BUY
2017-01-01D11:23:33.758394,978.8,482,BUY
2017-01-01D11:25:28.654996,977.55,10,SELL
2017-01-01D11:25:55.164066,977.45,2,SELL
2017-01-01D11:27:17.239280,977.46,10,SELL
2017-01-01D11:27:17.239280,977.46,7490,SELL
2017-01-01D11:30:49.049192,977.46,510,SELL
2017-01-01D11:30:49.049192,977.46,7908,SELL
2017-01-01D11:30:52.517019,977.45,1000,SELL
2017-01-01D11:31:28.933389,977.4,2400,SELL
2017-01-01D11:31:28.933389,977.39,25000,SELL
2017-01-01D11:31:28.933389,977.32,5000,SELL
2017-01-01D11:31:34.483873,977.06,8300,SELL
2017-01-01D11:31:53.922260,976.94,25000,SELL
2017-01-01D11:31:57.042471,977.15,8000,BUY
2017-01-01D11:32:07.271324,977.16,1182,BUY
2017-01-01D11:32:26.593079,976.9,8000,SELL
2017-01-01D11:33:09.078925,977.45,8000,BUY
2017-01-01D11:33:23.503353,977,396,SELL
2017-01-01D11:33:25.186580,977.8,4704,BUY
2017-01-01D11:34:26.441993,977.13,4704,SELL
2017-01-01D11:34:26.441993,977.12,2296,SELL
2017-01-01D11:36:17.876519,976.48,2400,SELL
2017-01-01D11:36:17.876519,976.44,1000,SELL
2017-01-01D11:36:17.876519,976.44,7908,SELL
2017-01-01D11:36:17.876519,976.4,2700,SELL
2017-01-01D11:36:38.748559,976.4,1992,BUY
2017-01-01D11:36:38.748559,977.59,8000,BUY
2017-01-01D11:36:38.748559,977.6,2700,BUY
2017-01-01D11:36:38.748559,977.6,98,BUY
2017-01-01D11:36:38.748559,977.74,9210,BUY
2017-01-01D11:36:43.785226,977.74,200,BUY
2017-01-01D11:38:43.572489,977.69,16000,BUY
2017-01-01D11:38:43.572489,977.92,2400,BUY
2017-01-01D11:38:43.572489,977.93,3600,BUY
2017-01-01D11:38:57.063147,978,500,BUY
2017-01-01D11:39:42.777046,978,500,BUY
2017-01-01D11:41:02.413357,978.07,1000,BUY
2017-01-01D11:41:06.566752,978.07,8000,BUY
2017-01-01D11:41:22.482282,978.07,1000,BUY
2017-01-01D11:41:53.075511,977.41,20,SELL
2017-01-01D11:45:58.706507,977.31,9,SELL
2017-01-01D11:46:48.151781,977.44,98,BUY
2017-01-01D11:46:48.151781,977.61,10,BUY
2017-01-01D11:47:05.185531,977.71,10,BUY
2017-01-01D11:47:15.578054,977.61,10,BUY
2017-01-01D11:47:15.578054,978,15,BUY
2017-01-01D11:47:15.578054,978.39,20,BUY
2017-01-01D11:47:15.578054,978.44,20,BUY
2017-01-01D11:47:15.578054,978.45,6935,BUY
2017-01-01D11:47:22.926109,978.45,1000,BUY
2017-01-01D11:47:24.419261,978.45,1200,BUY
2017-01-01D11:47:24.419261,978.48,8800,BUY
2017-01-01D11:47:33.211123,977.48,10,BUY
2017-01-01D11:47:33.211123,977.87,15,BUY
2017-01-01D11:47:33.211123,978.26,20,BUY
2017-01-01D11:47:33.211123,978.48,11200,BUY
2017-01-01D11:47:33.211123,978.65,25,BUY
2017-01-01D11:47:33.211123,978.69,500,BUY
2017-01-01D11:47:33.211123,978.88,2400,BUY
2017-01-01D11:47:33.211123,978.89,10830,BUY
2017-01-01D11:47:35.428441,978.86,10000,BUY
2017-01-01D11:47:38.742053,977.38,380,SELL
2017-01-01D11:47:52.221420,977.76,10,BUY
2017-01-01D11:48:22.595819,977.82,15,BUY
2017-01-01D11:48:22.595819,977.82,3,BUY
2017-01-01D11:49:54.863890,978.24,4991,SELL
2017-01-01D11:49:54.863890,978.23,5000,SELL
2017-01-01D11:49:54.863890,978.12,9,SELL
2017-01-01D11:50:07.823273,978.12,7991,SELL
2017-01-01D11:50:07.823273,978.11,2009,SELL
2017-01-01D11:50:41.471366,978.11,2991,SELL
2017-01-01D11:50:41.471366,978,7009,SELL
2017-01-01D11:50:48.005952,978,77350,SELL
2017-01-01D11:52:04.246056,977.89,15,BUY
2017-01-01D11:52:04.246056,978.28,20,BUY
2017-01-01D11:52:04.246056,978.67,25,BUY
2017-01-01D11:52:04.246056,978.71,40,BUY
2017-01-01D11:52:19.182074,977.76,87,SELL
2017-01-01D11:52:19.182074,977.37,13,SELL
2017-01-01D11:52:21.538265,977.89,15,BUY
2017-01-01D11:52:21.538265,978.28,20,BUY
2017-01-01D11:52:21.538265,978.67,25,BUY
2017-01-01D11:52:21.538265,978.95,8000,BUY
2017-01-01D11:52:21.538265,978.96,5000,BUY
2017-01-01D11:52:21.538265,979.06,6941,BUY
2017-01-01D11:52:57.169921,977.5,10,BUY
2017-01-01D11:52:57.169921,977.89,15,BUY
2017-01-01D11:53:12.280409,977.5,10,BUY
2017-01-01D11:53:12.280409,977.89,15,BUY
2017-01-01D11:53:32.966413,977.7,10,BUY
2017-01-01D11:54:00.167602,977.56,10,BUY
2017-01-01D11:54:00.167602,977.95,15,BUY
2017-01-01D11:55:24.271837,978.8,101,BUY
2017-01-01D11:55:30.172978,977.55,365,SELL
2017-01-01D11:55:30.172978,977.55,7635,SELL
2017-01-01D11:55:39.072961,977.25,365,SELL
2017-01-01D11:55:39.072961,977.24,2400,SELL
2017-01-01D11:55:39.072961,977.23,5000,SELL
2017-01-01D11:55:39.072961,976.8,25000,SELL
2017-01-01D11:55:39.072961,976.79,5000,SELL
2017-01-01D11:55:39.072961,976.59,4987,SELL
2017-01-01D11:55:39.072961,976.23,5000,SELL
2017-01-01D11:55:39.072961,976.07,2248,SELL
2017-01-01D11:55:46.454599,976.15,2000,SELL
2017-01-01D11:55:46.575778,978.09,1001,BUY
2017-01-01D11:56:20.851814,976.34,10,SELL
2017-01-01D11:56:35.894461,977.99,1001,BUY
2017-01-01D11:56:42.666046,976.34,500,SELL
2017-01-01D11:56:54.708711,977.98,10,BUY
2017-01-01D11:57:04.486183,977.99,5000,BUY
2017-01-01D12:00:26.354480,976.49,1,SELL
2017-01-01D12:01:50.059338,977.74,1000,BUY
2017-01-01D12:02:10.059995,976.4,4000,SELL
2017-01-01D12:02:14.942261,977.74,150,BUY
2017-01-01D12:02:24.364577,976.37,40,SELL
2017-01-01D12:02:36.308775,976.37,4000,SELL
2017-01-01D12:02:51.316472,976.37,1960,SELL
2017-01-01D12:06:13.347986,976.4,950,SELL
2017-01-01D12:08:06.968156,977.85,100,BUY
2017-01-01D12:08:06.968156,978.06,900,BUY
2017-01-01D12:12:36.340469,976.85,50,BUY
2017-01-01D12:14:20.787115,976.79,950,SELL
2017-01-01D12:14:39.395248,976.8,90,SELL
2017-01-01D12:17:23.204440,976.94,50,BUY
2017-01-01D12:17:23.204440,977.49,950,BUY
2017-01-01D12:18:50.402904,977.49,5549,BUY
2017-01-01D12:18:50.402904,977.5,3000,BUY
2017-01-01D12:18:50.402904,977.8,2400,BUY
2017-01-01D12:18:50.402904,978.3,8899,BUY
2017-01-01D12:18:50.402904,978.31,25000,BUY
2017-01-01D12:18:50.402904,978.45,5152,BUY
2017-01-01D12:21:25.649147,976.8,8000,SELL
2017-01-01D12:21:25.649147,976.79,1750,SELL
2017-01-01D12:21:25.649147,976.58,5000,SELL
2017-01-01D12:21:25.649147,976.53,25000,SELL
2017-01-01D12:21:25.649147,976.4,10250,SELL
2017-01-01D12:22:06.351676,976.4,1900,SELL
2017-01-01D12:22:10.644915,976.4,10000,SELL
2017-01-01D12:22:18.256727,976.4,1000,SELL
2017-01-01D12:22:47.362659,976.4,1000,SELL
2017-01-01D12:22:53.660029,976.4,1000,SELL
2017-01-01D12:23:00.338444,976.4,4850,SELL
2017-01-01D12:23:12.788335,976.3,5000,SELL
2017-01-01D12:23:23.152514,976.11,1500,SELL
2017-01-01D12:23:23.152514,976.11,51,SELL
2017-01-01D12:23:23.152514,976.01,3449,SELL
2017-01-01D12:23:57.659343,977.57,500,BUY
2017-01-01D12:23:59.938865,976.01,5000,SELL
2017-01-01D12:24:02.546550,977.57,500,BUY
2017-01-01D12:24:09.606292,976.02,1000,SELL
2017-01-01D12:24:09.606292,976.01,500,SELL
2017-01-01D12:24:58.464867,976.02,1000,SELL
2017-01-01D12:27:12.526854,976.76,50,SELL
2017-01-01D12:27:12.526854,976.1,950,SELL
2017-01-01D12:27:30.920912,976.1,1000,SELL
2017-01-01D12:27:34.835666,976.1,1000,SELL
2017-01-01D12:27:50.365260,976.38,10000,SELL
2017-01-01D12:27:55.381837,976.22,10000,SELL
2017-01-01D12:28:12.217569,976.1,2050,SELL
2017-01-01D12:28:12.217569,976.1,4960,SELL
2017-01-01D12:28:12.217569,976.05,12990,SELL
2017-01-01D12:29:20.976077,977.54,20,BUY
2017-01-01D12:29:20.976077,977.54,80,BUY
2017-01-01D12:30:30.370046,976.02,10,SELL
2017-01-01D12:30:30.370046,976,2990,SELL
2017-01-01D12:31:55.949986,977.52,8000,BUY
2017-01-01D12:32:45.838616,977.54,5,BUY
2017-01-01D12:32:48.911873,977.55,1000,BUY
2017-01-01D12:33:08.557749,977.61,5,BUY
2017-01-01D12:33:42.233067,977.52,15,BUY
2017-01-01D12:33:46.362931,976.12,10,SELL
2017-01-01D12:33:46.362931,976.11,90,SELL
2017-01-01D12:33:55.087864,976.11,100,SELL
2017-01-01D12:35:59.325459,976.11,100,SELL
2017-01-01D12:36:06.812237,976.11,100,SELL
2017-01-01D12:36:10.064015,976.11,100,SELL
2017-01-01D12:36:12.627549,976.11,100,SELL
2017-01-01D12:36:20.311108,977.84,20,BUY
2017-01-01D12:36:20.311108,977.85,290,BUY
2017-01-01D12:36:20.311108,977.86,5000,BUY
2017-01-01D12:36:20.311108,977.88,4690,BUY
2017-01-01D12:37:56.349968,976.66,10,SELL
2017-01-01D12:37:56.349968,976.6,100,SELL
2017-01-01D12:37:56.349968,976.5,100,SELL
2017-01-01D12:37:56.349968,976.5,7700,SELL
2017-01-01D12:38:16.414087,976.3,10,SELL
2017-01-01D12:38:16.414087,976.28,990,SELL
2017-01-01D12:38:20.789068,976.28,100,SELL
2017-01-01D12:38:24.927256,976.28,100,SELL
2017-01-01D12:38:26.705173,976.28,100,SELL
2017-01-01D12:38:29.001526,976.28,100,SELL
2017-01-01D12:38:29.910915,976.21,100,SELL
2017-01-01D12:38:29.910915,976.2,5000,SELL
2017-01-01D12:38:29.910915,976.13,5000,SELL
2017-01-01D12:38:29.910915,976.1,2322,SELL
2017-01-01D12:38:30.658401,976.1,100,SELL
2017-01-01D12:38:32.284364,976.1,100,SELL
2017-01-01D12:38:34.469320,976.1,100,SELL
2017-01-01D12:38:36.341642,976.1,100,SELL
2017-01-01D12:38:38.297368,976.1,100,SELL
2017-01-01D12:38:48.268075,976.1,14,SELL
2017-01-01D12:39:04.238314,976.1,6063,SELL
2017-01-01D12:39:04.238314,976.05,3337,SELL
2017-01-01D12:40:53.860395,976.05,1663,SELL
2017-01-01D12:40:53.860395,976.03,5000,SELL
2017-01-01D12:40:53.860395,976,910,SELL
2017-01-01D12:40:53.860395,975.72,17427,SELL
2017-01-01D12:41:45.824884,975.18,1100,SELL
2017-01-01D12:42:06.639804,975,1136,SELL
2017-01-01D12:42:12.518122,975,3864,SELL
2017-01-01D12:42:49.818732,974.79,8000,BUY
2017-01-01D12:42:49.818732,974.8,1899,BUY
2017-01-01D12:42:58.208369,974.99,2400,BUY
2017-01-01D12:43:05.174198,975,2136,BUY
2017-01-01D12:43:27.687510,975.3,1000,BUY
2017-01-01D12:43:59.401863,975.42,98,BUY
2017-01-01D12:44:11.878171,975.6,5000,BUY
2017-01-01D12:44:57.412029,975.95,990,BUY
2017-01-01D12:45:33.176898,975.29,1,SELL
2017-01-01D12:45:33.176898,974.74,99,SELL
2017-01-01D12:45:48.306233,976.2,99,BUY
2017-01-01D12:45:48.306233,976.21,2400,BUY
2017-01-01D12:45:48.306233,976.22,12501,BUY
2017-01-01D12:46:15.460660,976.2,10,BUY
2017-01-01D12:46:30.027118,976.2,990,BUY
2017-01-01D12:46:30.027118,976.36,110,BUY
2017-01-01D12:50:52.859251,975.51,3000,SELL
2017-01-01D12:51:07.314177,976.35,2000,BUY
2017-01-01D12:51:38.551511,975.52,100,BUY
2017-01-01D12:51:41.310671,975.51,2992,SELL
2017-01-01D12:52:17.416131,975.5,1000,SELL
2017-01-01D12:52:29.416609,975.14,1000,SELL
2017-01-01D12:52:32.800205,975.14,1500,SELL
2017-01-01D12:52:32.800205,975.07,2008,SELL
2017-01-01D12:52:36.359755,975,1909,SELL
2017-01-01D12:52:44.663915,975,3091,SELL
2017-01-01D12:52:51.304900,974.53,500,SELL
2017-01-01D12:52:51.304900,974.31,4274,SELL
2017-01-01D12:53:35.053576,975,98,BUY
2017-01-01D12:55:00.479074,974.32,100,BUY
2017-01-01D12:57:00.914632,974.94,8000,BUY
2017-01-01D12:57:00.914632,974.95,6500,BUY
2017-01-01D12:57:00.914632,975.39,5000,BUY
2017-01-01D12:57:00.914632,975.79,25000,BUY
2017-01-01D12:57:00.914632,976.18,500,BUY
2017-01-01D12:57:00.914632,976.3,3500,BUY
2017-01-01D12:57:11.466062,976.14,4000,BUY
2017-01-01D12:57:35.690609,976.14,5,BUY
2017-01-01D12:57:45.925266,974.94,200,SELL
2017-01-01D12:57:45.925266,974.7,754,SELL
2017-01-01D12:57:57.382657,974.78,4774,SELL
2017-01-01D12:58:17.314013,974.97,2400,SELL
2017-01-01D12:58:17.314013,974.96,2374,SELL
2017-01-01D12:58:46.534443,976.16,1000,BUY
2017-01-01D13:00:14.883593,976.16,1000,BUY
2017-01-01D13:00:57.664940,976.16,5902,BUY
2017-01-01D13:02:53.284503,976.3,1000,BUY
2017-01-01D13:04:04.823841,976.3,3500,BUY
2017-01-01D13:08:09.828220,976.81,2500,BUY
2017-01-01D13:08:31.506624,976.82,5,BUY
2017-01-01D13:08:40.896527,976.74,1000,BUY
2017-01-01D13:08:55.902749,976.72,3000,BUY
2017-01-01D13:09:11.380713,976.71,5,BUY
2017-01-01D13:09:13.320899,976.74,166,BUY
2017-01-01D13:09:23.019445,976.7,5,BUY
2017-01-01D13:13:02.401703,976.57,20000,BUY
2017-01-01D13:13:14.908188,976.6,1000,BUY
2017-01-01D13:13:31.081713,976.05,2500,SELL
2017-01-01D13:17:42.360356,976.82,1,BUY
2017-01-01D13:18:09.392829,976.81,1,BUY
2017-01-01D13:18:12.549597,976.81,1000,BUY
2017-01-01D13:18:53.185346,976.01,500,SELL
2017-01-01D13:19:25.665410,976.01,200,SELL
2017-01-01D13:19:32.525275,976.01,1,SELL
2017-01-01D13:19:48.377373,976.13,85,SELL
2017-01-01D13:21:51.664388,976.72,1000,BUY
2017-01-01D13:24:41.888881,976.12,1000,SELL
2017-01-01D13:25:28.972504,975.98,6716,SELL
2017-01-01D13:25:28.972504,975.97,2400,SELL
2017-01-01D13:25:28.972504,975.18,12184,SELL
2017-01-01D13:25:28.972504,975.02,5000,SELL
2017-01-01D13:25:28.972504,974.92,8700,SELL
2017-01-01D13:25:30.146756,974.92,1,SELL
2017-01-01D13:28:06.818223,976.55,1,SELL
2017-01-01D13:28:36.376418,975.46,500,BUY
2017-01-01D13:28:52.844280,975.46,7500,BUY
2017-01-01D13:28:52.844280,975.47,12500,BUY
2017-01-01D13:29:08.106789,975.47,500,BUY
2017-01-01D13:29:18.971091,975.47,500,BUY
2017-01-01D13:29:51.306595,975.47,2000,BUY
2017-01-01D13:29:55.613629,975.47,4569,BUY
2017-01-01D13:33:32.121944,975.69,600,SELL
2017-01-01D13:34:52.134028,975.56,2400,SELL
2017-01-01D13:34:52.134028,975.55,5000,SELL
2017-01-01D13:35:02.125059,976.14,2400,SELL
2017-01-01D13:35:09.639767,975.46,3200,SELL
2017-01-01D13:36:18.779196,975.51,1,BUY
2017-01-01D13:36:48.869544,975.52,98,BUY
2017-01-01D13:37:12.958055,975.53,1,SELL
2017-01-01D13:37:12.958055,975.52,13739,SELL
2017-01-01D13:38:15.358318,975.52,5000,SELL
2017-01-01D13:39:46.365860,976.31,8000,BUY
2017-01-01D13:39:56.887627,976.32,4000,BUY
2017-01-01D13:40:09.468196,976.5,9,BUY
2017-01-01D13:40:09.468196,976.5,1300,BUY
2017-01-01D13:44:10.068515,975.51,36,SELL
2017-01-01D13:45:49.426425,975.99,15000,BUY
2017-01-01D13:47:59.020133,976.47,36,BUY
2017-01-01D13:47:59.020133,976.48,964,BUY
2017-01-01D13:48:03.484338,976.48,2000,BUY
2017-01-01D13:48:25.618614,976.48,2000,BUY
2017-01-01D13:49:04.236334,976.21,10,SELL
2017-01-01D13:49:16.002619,976.48,500,BUY
2017-01-01D13:49:33.792959,976.07,7990,SELL
2017-01-01D13:50:15.245173,976.47,36,BUY
2017-01-01D13:51:20.447366,976.47,36,BUY
2017-01-01D13:51:49.060595,976.47,36,BUY
2017-01-01D13:52:32.418091,976.47,2,BUY
2017-01-01D13:53:20.167351,976.47,7890,BUY
2017-01-01D13:53:33.614547,976.48,2000,BUY
2017-01-01D13:53:53.119794,976.48,3751,BUY
2017-01-01D13:53:53.119794,976.48,98,BUY
2017-01-01D14:04:15.962776,976.65,10,SELL
2017-01-01D14:04:27.131009,976.9,10000,BUY
2017-01-01D14:04:31.364255,977.01,10,SELL
2017-01-01D14:04:35.143417,977.31,7699,BUY
2017-01-01D14:04:49.589994,977.38,503,BUY
2017-01-01D14:04:49.589994,977.47,10,BUY
2017-01-01D14:04:49.589994,977.48,2000,BUY
2017-01-01D14:04:49.589994,977.5,487,BUY
2017-01-01D14:04:50.147984,977.5,10,BUY
2017-01-01D14:05:34.909303,977.55,5000,BUY
2017-01-01D14:05:58.574189,977.63,1,BUY
2017-01-01D14:06:57.873168,977.64,20,SELL
2017-01-01D14:15:01.488374,977.63,10000,BUY
2017-01-01D14:16:21.324281,976.67,1,SELL
2017-01-01D14:17:13.347841,976.67,1,SELL
2017-01-01D14:20:23.327178,976.69,50,SELL
2017-01-01D14:20:59.213061,977.61,52,BUY
2017-01-01D14:20:59.213061,977.61,948,BUY
2017-01-01D14:23:32.381237,976.69,10,SELL
2017-01-01D14:25:35.781394,976.89,7890,SELL
2017-01-01D14:26:19.108683,976.89,100,SELL
2017-01-01D14:26:19.108683,976.88,10000,SELL
2017-01-01D14:27:37.380769,976.65,500,SELL
2017-01-01D14:31:03.658304,975.99,1,SELL
2017-01-01D14:31:38.648779,975.99,1,SELL
2017-01-01D14:31:49.962382,975.99,1,SELL
2017-01-01D14:33:33.980960,975.98,1,SELL
2017-01-01D14:34:07.622778,975.99,1,SELL
2017-01-01D14:34:42.384579,976,2000,BUY
2017-01-01D14:34:42.384579,976,98,BUY
2017-01-01D14:42:05.012907,976.11,20,SELL
2017-01-01D14:42:05.012907,976.1,4980,SELL
2017-01-01D14:43:26.342449,976.16,10,SELL
2017-01-01D14:44:40.649685,976.16,300,SELL
2017-01-01D14:48:23.562296,977.6,1000,BUY
2017-01-01D14:48:28.535379,977.6,2500,BUY
2017-01-01D14:49:02.037059,977.63,2000,BUY
2017-01-01D14:49:34.621894,977.63,2500,BUY
2017-01-01D14:49:34.621894,977.64,9980,BUY
2017-01-01D14:49:38.039629,976.88,1,SELL
2017-01-01D14:49:38.404196,977.89,500,BUY
2017-01-01D14:49:41.053197,977.89,500,BUY
2017-01-01D14:49:41.346491,976.88,15,SELL
2017-01-01D14:50:06.726402,977.88,1,SELL
2017-01-01D14:50:31.802159,977.88,1,SELL
2017-01-01D14:50:40.625478,977.89,1700,BUY
2017-01-01D14:50:40.625478,978,300,BUY
2017-01-01D14:50:53.992260,978,500,BUY
2017-01-01D14:51:25.325603,977.04,5,SELL
2017-01-01D14:52:07.780916,976.9,1,SELL
2017-01-01D14:52:09.088134,976.9,5,SELL
2017-01-01D14:52:20.527140,976.9,1,SELL
2017-01-01D14:52:39.268278,976.9,1000,SELL
2017-01-01D14:52:55.849182,976.9,1000,SELL
2017-01-01D14:53:26.487317,977.99,10,BUY
2017-01-01D14:53:28.118238,977,1,SELL
2017-01-01D14:53:37.160393,977,1,SELL
2017-01-01D14:53:45.936964,977.99,2000,BUY
2017-01-01D14:54:43.528104,977.23,5,SELL
2017-01-01D14:54:59.669888,977.9,1,SELL
2017-01-01D14:55:04.116024,977.99,4,BUY
2017-01-01D14:55:04.116024,978,496,BUY
2017-01-01D14:55:29.556049,978,500,BUY
2017-01-01D14:55:51.568805,978,500,BUY
2017-01-01D14:55:55.897282,978,8504,BUY
2017-01-01D14:55:55.897282,978,100,BUY
2017-01-01D14:55:55.897282,978.45,500,BUY
2017-01-01D14:56:00.226576,978.45,1348,BUY
2017-01-01D14:56:00.226576,978.5,100,BUY
2017-01-01D14:56:00.226576,978.97,3552,BUY
2017-01-01D14:56:09.294676,978.97,1448,BUY
2017-01-01D14:56:24.534983,979.67,18000,BUY
2017-01-01D14:56:25.135671,979.67,1500,BUY
2017-01-01D14:56:53.727440,979,1500,BUY
2017-01-01D14:56:58.411024,977.82,1,SELL
2017-01-01D14:56:58.707763,979.8,1000,BUY
2017-01-01D14:56:58.707763,979.8,500,BUY
2017-01-01D14:57:11.528524,977.87,1000,SELL
2017-01-01D14:57:19.384038,977.87,1,SELL
2017-01-01D14:57:48.083195,978.07,1,SELL
2017-01-01D14:58:08.869719,979.79,1003,BUY
2017-01-01D14:58:08.869719,979.79,2400,BUY
2017-01-01D14:58:08.869719,979.79,897,BUY
2017-01-01D14:58:21.483299,979.79,4103,BUY
2017-01-01D14:58:21.483299,979.79,4500,BUY
2017-01-01D14:59:07.311746,979.7,10000,BUY
2017-01-01D14:59:52.339399,980,5000,BUY
2017-01-01D14:59:54.138448,980,500,BUY
2017-01-01D14:59:55.751609,980,500,BUY
2017-01-01D15:00:01.732300,980,4000,BUY
2017-01-01D15:00:01.732300,980,50,BUY
2017-01-01D15:00:13.217880,980.63,25000,BUY
2017-01-01D15:00:13.217880,980.82,2000,BUY
2017-01-01D15:00:14.849013,981.01,8000,SELL
2017-01-01D15:00:15.143659,981.01,5000,BUY
2017-01-01D15:00:15.143659,981.01,50,BUY
2017-01-01D15:00:28.248707,981.13,8000,BUY
2017-01-01D15:00:28.248707,981.14,2000,BUY
2017-01-01D15:00:46.587438,979.78,1000,SELL
2017-01-01D15:00:49.553752,981.29,2000,BUY
2017-01-01D15:00:53.883373,981.35,1000,BUY
2017-01-01D15:00:53.883373,981.36,4000,BUY
2017-01-01D15:00:56.742763,981.44,25000,BUY
2017-01-01D15:01:12.019362,981.65,25000,BUY
2017-01-01D15:01:19.573408,981.63,35,BUY
2017-01-01D15:01:29.276817,980.82,500,SELL
2017-01-01D15:01:44.169952,980,1000,SELL
2017-01-01D15:01:54.535633,981.62,1000,BUY
2017-01-01D15:02:44.433355,980.92,1000,SELL
2017-01-01D15:03:00.719736,980.17,1909,SELL
2017-01-01D15:03:22.910202,981.56,1500,BUY
2017-01-01D15:03:22.910202,981.59,3909,BUY
2017-01-01D15:03:22.910202,981.59,500,BUY
2017-01-01D15:03:22.910202,981.6,1000,BUY
2017-01-01D15:03:22.910202,981.62,2500,BUY
2017-01-01D15:03:22.910202,981.63,591,BUY
2017-01-01D15:03:37.421915,981.63,15,BUY
2017-01-01D15:03:58.402204,980.18,1000,SELL
2017-01-01D15:04:10.015244,980.17,4091,SELL
2017-01-01D15:04:10.015244,980.16,4709,SELL
2017-01-01D15:04:35.207117,980.11,3909,SELL
2017-01-01D15:04:35.207117,980.1,1091,SELL
2017-01-01D15:04:46.817214,980.1,12480,SELL
2017-01-01D15:05:17.306226,980.13,1,SELL
2017-01-01D15:06:30.747516,980.08,100,SELL
2017-01-01D15:06:35.350045,980.07,1,SELL
2017-01-01D15:06:38.593791,980.07,1000,SELL
2017-01-01D15:06:46.426124,980.06,3000,SELL
2017-01-01D15:06:46.875905,980.06,1,SELL
2017-01-01D15:06:54.490558,980.07,2400,SELL
2017-01-01D15:06:55.785328,980.07,100,SELL
2017-01-01D15:06:55.785328,980.02,2300,SELL
2017-01-01D15:07:04.314874,979.86,1,SELL
2017-01-01D15:07:07.802350,979.86,1500,SELL
2017-01-01D15:07:08.312256,979.86,25000,SELL
2017-01-01D15:07:08.936488,979.78,2500,SELL
2017-01-01D15:07:08.936488,979.77,2400,SELL
2017-01-01D15:07:08.936488,979.76,4950,SELL
2017-01-01D15:07:08.936488,979.64,2000,SELL
2017-01-01D15:07:08.936488,979.4,150,SELL
2017-01-01D15:07:36.342251,979.62,1,SELL
2017-01-01D15:08:18.633436,980,5500,SELL
2017-01-01D15:10:13.679377,981.13,30,BUY
2017-01-01D15:10:15.269643,981.13,30,BUY
2017-01-01D15:10:16.414527,981.13,30,BUY
2017-01-01D15:10:16.584410,981.13,2410,BUY
2017-01-01D15:10:16.584410,981.15,3590,BUY
2017-01-01D15:10:17.831067,981.15,30,BUY
2017-01-01D15:10:18.830372,981.15,30,BUY
2017-01-01D15:10:19.805943,981.11,30,BUY
2017-01-01D15:10:20.394713,981.11,30,BUY
2017-01-01D15:10:21.313132,981.11,30,BUY
2017-01-01D15:10:21.821285,981.09,30,BUY
2017-01-01D15:10:28.738051,980.98,30,BUY
2017-01-01D15:10:31.017543,980.92,30,BUY
2017-01-01D15:10:33.607273,980.01,3650,SELL
2017-01-01D15:10:33.607273,980,1000,SELL
2017-01-01D15:10:33.607273,979.63,350,SELL
2017-01-01D15:10:39.352993,979.64,180,SELL
2017-01-01D15:10:39.352993,979.63,3470,SELL
2017-01-01D15:10:58.260734,980.4,1000,BUY
2017-01-01D15:11:02.806490,979.62,10000,SELL
2017-01-01D15:11:20.139599,979.18,1000,SELL
2017-01-01D15:11:20.139599,979.17,4950,SELL
2017-01-01D15:11:57.577565,978.74,1,SELL
2017-01-01D15:12:01.338947,978.69,330,SELL
2017-01-01D15:12:29.514074,978.55,1,SELL
2017-01-01D15:12:48.813447,978.22,1,SELL
2017-01-01D15:12:50.552862,978.2,954,SELL
2017-01-01D15:13:10.175072,978.14,1,SELL
2017-01-01D15:13:34.554386,978.07,1,SELL
2017-01-01D15:13:51.339869,977.94,1,SELL
2017-01-01D15:14:06.437143,977.75,1,SELL
2017-01-01D15:14:17.597096,977.79,1,SELL
2017-01-01D15:14:42.471036,977.75,25000,SELL
2017-01-01D15:15:02.633325,977.61,1,SELL
2017-01-01D15:17:27.617175,978.96,98,BUY
2017-01-01D15:17:27.617175,978.99,902,BUY
2017-01-01D15:17:36.551179,978.99,2000,BUY
2017-01-01D15:17:41.905062,978.99,5098,BUY
2017-01-01D15:17:41.905062,979,44000,BUY
2017-01-01D15:18:03.602621,979,902,SELL
2017-01-01D15:18:03.602621,978.84,1368,SELL
2017-01-01D15:18:24.686828,978.84,1,SELL
2017-01-01D15:18:43.419985,978.84,1,SELL
2017-01-01D15:19:02.498859,978.84,10,SELL
2017-01-01D15:19:17.912128,978.84,1,SELL
2017-01-01D15:20:27.572655,979.8,50,BUY
2017-01-01D15:20:43.771903,979.63,1331,BUY
2017-01-01D15:20:43.771903,979.64,6169,BUY
2017-01-01D15:25:28.546779,978.84,8000,SELL
2017-01-01D15:25:28.546779,978.83,1999,SELL
2017-01-01D15:25:28.546779,978.78,2000,SELL
2017-01-01D15:25:28.546779,978.24,1,SELL
2017-01-01D15:25:40.993591,978.23,2399,SELL
2017-01-01D15:25:43.520042,978.23,2399,SELL
2017-01-01D15:26:10.786221,978,5,SELL
2017-01-01D15:26:11.505701,978,95,SELL
2017-01-01D15:26:11.505701,978,5000,SELL
2017-01-01D15:26:11.505701,977.81,5,SELL
2017-01-01D15:27:19.094854,977.83,2400,SELL
2017-01-01D15:27:19.094854,977.82,11021,SELL
2017-01-01D15:27:30.552047,977.83,5,SELL
2017-01-01D15:28:04.568641,977.83,10000,SELL
2017-01-01D15:31:28.472936,978.26,5,BUY
2017-01-01D15:31:33.669090,978.26,5,BUY
2017-01-01D15:31:45.597302,978.26,5,BUY
2017-01-01D15:31:49.575978,978.26,5,BUY
2017-01-01D15:32:12.223622,978.2,10,BUY
2017-01-01D15:32:12.223622,978.59,15,BUY
2017-01-01D15:32:12.223622,978.98,20,BUY
2017-01-01D15:32:12.390816,978.99,98,SELL
2017-01-01D15:32:20.984447,979.37,25,BUY
2017-01-01D15:32:20.984447,979.41,8000,BUY
2017-01-01D15:32:20.984447,979.42,633,BUY
2017-01-01D15:32:36.616320,979.42,1367,BUY
2017-01-01D15:33:23.203023,978.25,8000,SELL
2017-01-01D15:33:23.203023,978.25,1000,SELL
2017-01-01D15:33:23.203023,978.24,1000,SELL
2017-01-01D15:34:16.660601,979.84,8000,BUY
2017-01-01D15:34:16.660601,979.85,12000,BUY
2017-01-01D15:36:06.608270,979.84,5000,BUY
2017-01-01D15:36:26.375566,980,5000,BUY
2017-01-01D15:36:47.904519,980.32,2400,BUY
2017-01-01D15:36:47.904519,980.35,11600,BUY
2017-01-01D15:36:59.546854,980.4,25000,BUY
2017-01-01D15:37:06.501083,979.27,1545,SELL
2017-01-01D15:37:06.501083,979.04,8000,SELL
2017-01-01D15:37:06.501083,979.03,455,SELL
2017-01-01D15:37:19.923110,980.71,1000,BUY
2017-01-01D15:37:21.759700,979.31,1,SELL
2017-01-01D15:37:24.951149,979.31,5,SELL
2017-01-01D15:37:24.951149,979.31,10,SELL
2017-01-01D15:37:24.951149,979.31,15,SELL
2017-01-01D15:37:24.951149,979.31,20,SELL
2017-01-01D15:37:24.951149,979.31,25,SELL
2017-01-01D15:37:38.244946,979.31,1,SELL
2017-01-01D15:37:39.315481,980.71,7000,BUY
2017-01-01D15:37:39.315481,980.72,3000,BUY
2017-01-01D15:37:39.894409,979.31,5,SELL
2017-01-01D15:37:39.894409,979.31,10,SELL
2017-01-01D15:37:39.894409,979.31,15,SELL
2017-01-01D15:37:39.894409,979.31,20,SELL
2017-01-01D15:37:39.894409,979.31,25,SELL
2017-01-01D15:37:49.571135,980.75,10,BUY
2017-01-01D15:37:52.426841,979.31,4848,SELL
2017-01-01D15:37:52.426841,979.29,3152,SELL
2017-01-01D15:37:57.339376,979.29,100,SELL
2017-01-01D15:38:06.494841,979.29,1,SELL
2017-01-01D15:38:23.364289,979.29,1,SELL
2017-01-01D15:38:48.938426,979.29,1,SELL
2017-01-01D15:42:19.799000,979.34,4745,SELL
2017-01-01D15:44:10.200517,980.82,5,BUY
2017-01-01D15:44:18.133275,980.82,5,BUY
2017-01-01D15:45:48.490960,979.58,50,SELL
2017-01-01D15:45:52.473708,979.54,50,SELL
2017-01-01D15:46:06.345578,980.82,100,BUY
2017-01-01D15:47:09.965086,980.08,50,BUY
2017-01-01D15:47:09.965086,980.08,50,BUY
2017-01-01D15:47:43.257308,980.08,12912,SELL
2017-01-01D15:47:43.257308,980.08,13012,SELL
2017-01-01D15:47:43.257308,980.05,25000,SELL
2017-01-01D15:47:50.046160,979.79,1,SELL
2017-01-01D15:47:58.045011,979.95,1,SELL
2017-01-01D15:48:24.649443,980.26,50,BUY
2017-01-01D15:48:24.649443,980.26,50,BUY
2017-01-01D15:48:24.649443,980.26,50,BUY
2017-01-01D15:48:49.398329,980.45,25000,SELL
2017-01-01D15:48:49.398329,980,10000,SELL
2017-01-01D15:48:49.398329,979.67,5000,SELL
2017-01-01D15:48:49.398329,979.47,25000,SELL
2017-01-01D15:48:49.398329,979.28,8000,SELL
2017-01-01D15:48:49.398329,979.23,500,SELL
2017-01-01D15:48:49.398329,979.01,240,SELL
2017-01-01D15:48:49.398329,978.94,5000,SELL
2017-01-01D15:48:49.398329,978.88,2400,SELL
2017-01-01D15:48:49.398329,978.49,18860,SELL
2017-01-01D15:48:50.367565,980.5,50,BUY
2017-01-01D15:48:50.367565,980.82,6,BUY
2017-01-01D15:48:50.367565,980.99,8000,BUY
2017-01-01D15:48:50.367565,981,5000,BUY
2017-01-01D15:48:50.367565,981.03,944,BUY
2017-01-01D15:48:50.695080,981.02,15,BUY
2017-01-01D15:49:00.758263,980.94,15,BUY
2017-01-01D15:49:09.772691,979.51,1,SELL
2017-01-01D15:49:20.720522,980.78,10,BUY
2017-01-01D15:49:35.776849,980.64,7960,BUY
2017-01-01D15:49:35.776849,980.65,2400,BUY
2017-01-01D15:49:35.776849,981.25,100,BUY
2017-01-01D15:49:35.776849,981.29,5000,BUY
2017-01-01D15:49:35.776849,981.34,4540,BUY
2017-01-01D15:49:44.972164,979.82,8000,SELL
2017-01-01D15:49:44.972164,979.81,2000,SELL
2017-01-01D15:49:50.376297,979.83,1,SELL
2017-01-01D15:51:18.308976,979.61,3000,SELL
2017-01-01D15:51:38.951098,979.61,1000,SELL
2017-01-01D15:52:02.618744,979.61,1,SELL
2017-01-01D15:52:05.382953,980.99,8000,BUY
2017-01-01D15:52:05.382953,981,3000,BUY
2017-01-01D15:52:32.060966,979.61,5,SELL
2017-01-01D15:52:47.390831,979.61,5,SELL
2017-01-01D15:53:02.461878,979.61,5,SELL
2017-01-01D15:53:08.124338,979.87,10,BUY
2017-01-01D15:53:08.906611,980.01,1,SELL
2017-01-01D15:53:32.464822,980.03,5,SELL
2017-01-01D15:53:32.464822,980.03,10,SELL
2017-01-01D15:53:47.330914,980.03,5,SELL
2017-01-01D15:53:47.330914,980.03,10,SELL
2017-01-01D15:54:02.541386,980.03,5,SELL
2017-01-01D15:54:02.541386,980.03,10,SELL
2017-01-01D15:54:17.397848,980.16,5,SELL
2017-01-01D15:54:17.397848,980.16,10,SELL
2017-01-01D15:54:17.700140,980.4,15,BUY
2017-01-01D15:54:17.700140,980.79,20,BUY
2017-01-01D15:54:17.700140,980.99,1,BUY
2017-01-01D15:54:17.700140,981,2000,BUY
2017-01-01D15:54:17.700140,981.08,500,BUY
2017-01-01D15:54:17.700140,981.18,25,BUY
2017-01-01D15:54:17.700140,981.45,2400,BUY
2017-01-01D15:54:17.700140,981.46,7039,BUY
2017-01-01D15:54:32.347411,980.16,5,SELL
2017-01-01D15:54:47.447520,980.16,5,SELL
2017-01-01D15:55:21.321703,980.21,1,SELL
2017-01-01D15:55:59.979612,980.21,2000,SELL
2017-01-01D15:56:29.971924,980.7,98,BUY
2017-01-01D15:56:29.971924,980.81,10,BUY
2017-01-01D15:56:29.971924,980.99,1,BUY
2017-01-01D15:56:29.971924,980.99,2001,BUY
2017-01-01D15:56:29.971924,981,2000,BUY
2017-01-01D15:56:29.971924,981.19,25000,BUY
2017-01-01D15:56:40.232408,981.46,2961,BUY
2017-01-01D15:56:59.711841,980.71,8001,SELL
2017-01-01D15:56:59.711841,980.7,1999,SELL
2017-01-01D15:57:00.922561,980.7,127,SELL
2017-01-01D15:57:03.003296,980.7,127,SELL
2017-01-01D15:57:03.815348,980.53,5,SELL
2017-01-01D15:57:04.716254,980.53,127,SELL
2017-01-01D15:57:05.845043,980.53,127,SELL
2017-01-01D15:57:07.193789,980.53,127,SELL
2017-01-01D15:57:08.482656,980.53,127,SELL
2017-01-01D15:57:14.249969,980.53,1,SELL
2017-01-01D15:57:15.885144,980.53,127,SELL
2017-01-01D15:57:17.105052,980.53,127,SELL
2017-01-01D15:57:19.607887,980.53,1000,SELL
2017-01-01D15:57:44.997131,980.82,8000,BUY
2017-01-01D15:57:46.655953,980.27,127,SELL
2017-01-01D15:57:48.847617,980.28,127,SELL
2017-01-01D15:57:50.140554,980.3,127,SELL
2017-01-01D15:57:55.095184,980.34,127,SELL
2017-01-01D15:57:56.597470,980.36,127,SELL
2017-01-01D15:57:58.123884,980.38,127,SELL
2017-01-01D15:57:59.523181,980.38,127,SELL
2017-01-01D15:58:01.022828,980.4,127,SELL
2017-01-01D15:58:19.427883,980.82,889,BUY
2017-01-01D15:58:19.427883,980.83,2500,BUY
2017-01-01D15:58:19.427883,981,3389,BUY
2017-01-01D15:58:30.697443,981.05,5100,BUY
2017-01-01D15:58:42.067298,981.05,4900,BUY
2017-01-01D15:58:42.067298,981.05,5,BUY
2017-01-01D15:58:42.988697,981.75,100,BUY
2017-01-01D15:58:42.988697,981.75,900,BUY
2017-01-01D15:59:08.891224,981.07,5,BUY
2017-01-01D15:59:08.891224,981.75,4100,BUY
2017-01-01D15:59:08.891224,981.83,895,BUY
2017-01-01D15:59:50.163492,981.1,5,BUY
2017-01-01D15:59:50.163492,981.72,4995,BUY
2017-01-01D16:00:09.545027,981.14,5,BUY
2017-01-01D16:00:09.545027,981.74,19995,BUY
2017-01-01D16:00:16.744043,982,15000,BUY
2017-01-01D16:00:16.744043,982,500,BUY
2017-01-01D16:00:20.146323,981.16,5,BUY
2017-01-01D16:00:20.146323,982.07,4995,BUY
2017-01-01D16:00:21.751597,982.16,10,BUY
2017-01-01D16:00:21.751597,982.17,15490,BUY
2017-01-01D16:00:27.894266,982.18,150,BUY
2017-01-01D16:00:27.894266,982.25,100,BUY
2017-01-01D16:00:27.894266,982.37,2000,BUY
2017-01-01D16:00:27.894266,982.41,4750,BUY
2017-01-01D16:00:30.216705,982.57,1000,BUY
2017-01-01D16:00:32.630814,982.31,10,BUY
2017-01-01D16:00:32.630814,982.64,14990,BUY
2017-01-01D16:00:35.167248,982.75,100,BUY
2017-01-01D16:00:35.167248,983.15,7900,BUY
2017-01-01D16:00:40.153278,983.25,100,BUY
2017-01-01D16:00:40.153278,983.27,2200,BUY
2017-01-01D16:00:40.153278,983.38,200,BUY
2017-01-01D16:00:40.153278,983.38,15,BUY
2017-01-01D16:00:40.153278,983.4,2400,BUY
2017-01-01D16:00:40.153278,983.47,5085,BUY
2017-01-01D16:00:40.153278,983.47,8000,BUY
2017-01-01D16:00:40.153278,983.47,1500,BUY
2017-01-01D16:00:58.655829,982.98,10,BUY
2017-01-01D16:00:58.655829,983.63,190,BUY
2017-01-01D16:01:02.613281,983.63,2210,BUY
2017-01-01D16:01:02.613281,983.75,4790,BUY
2017-01-01D16:01:12.787345,983.75,5000,BUY
2017-01-01D16:01:21.815793,983.75,154,BUY
2017-01-01D16:01:28.154791,983.75,5000,BUY
2017-01-01D16:01:37.303933,983.74,500,SELL
2017-01-01D16:01:43.085529,983.7,1,SELL
2017-01-01D16:01:52.188870,983.59,1,SELL
2017-01-01D16:01:55.039657,983.59,1000,SELL
2017-01-01D16:01:55.272707,983.74,10,BUY
2017-01-01D16:02:02.705307,983.59,5,SELL
2017-01-01D16:02:04.438811,983.59,89,SELL
2017-01-01D16:02:07.063151,983.6,1000,SELL
2017-01-01D16:02:09.814576,983.64,1000,SELL
2017-01-01D16:02:16.379486,983.74,500,BUY
2017-01-01D16:02:17.346793,983.65,5,SELL
2017-01-01D16:02:21.813739,983.74,490,BUY
2017-01-01D16:02:21.813739,983.75,5056,BUY
2017-01-01D16:02:21.813739,983.75,100,BUY
2017-01-01D16:02:21.813739,983.98,2000,BUY
2017-01-01D16:02:21.813739,983.99,5000,BUY
2017-01-01D16:02:21.813739,983.99,10,BUY
2017-01-01D16:02:21.813739,984,1000,BUY
2017-01-01D16:02:21.813739,984,84,BUY
2017-01-01D16:02:24.026596,984,9916,BUY
2017-01-01D16:02:24.026596,984.15,5084,BUY
2017-01-01D16:02:28.654923,983.76,89,SELL
2017-01-01D16:02:30.235919,984.15,14916,BUY
2017-01-01D16:02:30.235919,984.25,100,BUY
2017-01-01D16:02:30.235919,984.4,1500,BUY
2017-01-01D16:02:30.235919,984.55,10,BUY
2017-01-01D16:02:30.235919,984.73,1000,BUY
2017-01-01D16:02:30.235919,984.84,2000,BUY
2017-01-01D16:02:30.235919,984.88,474,BUY
2017-01-01D16:02:34.902393,983.86,1000,SELL
2017-01-01D16:02:37.759746,983.88,1000,SELL
2017-01-01D16:02:46.749313,984.4,10,BUY
2017-01-01D16:02:46.749313,984.88,640,BUY
2017-01-01D16:02:47.127475,984.88,18886,BUY
2017-01-01D16:02:47.127475,984.99,89,BUY
2017-01-01D16:02:47.127475,985,1000,BUY
2017-01-01D16:02:47.127475,985,25,BUY
2017-01-01D16:02:47.288310,983.95,1000,SELL
2017-01-01D16:03:05.963582,984.99,89,BUY
2017-01-01D16:03:05.963582,985,64,BUY
2017-01-01D16:03:05.963582,985,89,BUY
2017-01-01D16:03:05.963582,985.39,10,BUY
2017-01-01D16:03:05.963582,985.72,1000,BUY
2017-01-01D16:03:05.963582,985.73,2400,BUY
2017-01-01D16:03:05.963582,985.75,20000,BUY
2017-01-01D16:03:05.963582,985.77,2000,BUY
2017-01-01D16:03:05.963582,985.84,4348,BUY
2017-01-01D16:03:10.209020,985.96,7000,BUY
2017-01-01D16:03:17.408604,984.51,89,SELL
2017-01-01D16:03:17.950551,985.58,10,BUY
2017-01-01D16:03:17.950551,985.96,3000,BUY
2017-01-01D16:03:17.950551,986,1000,BUY
2017-01-01D16:03:17.950551,986.82,25000,BUY
2017-01-01D16:03:17.950551,987,500,BUY
2017-01-01D16:03:17.950551,987.05,15,BUY
2017-01-01D16:03:17.950551,987.1,475,BUY
2017-01-01D16:03:31.867346,986,89,BUY
2017-01-01D16:03:31.867346,986,89,BUY
2017-01-01D16:03:31.867346,986,89,BUY
2017-01-01D16:03:31.867346,987.07,1733,BUY
2017-01-01D16:03:36.974872,984.96,8000,SELL
2017-01-01D16:03:36.974872,984.95,2000,SELL
2017-01-01D16:03:41.918578,984.69,100,SELL
2017-01-01D16:03:42.721992,984.7,100,SELL
2017-01-01D16:03:43.400841,984.7,100,SELL
2017-01-01D16:04:53.362843,986.18,10,BUY
2017-01-01D16:04:53.362843,986.99,8000,BUY
2017-01-01D16:04:53.362843,987,5000,BUY
2017-01-01D16:04:53.362843,987,10000,BUY
2017-01-01D16:04:53.362843,987.1,1025,BUY
2017-01-01D16:04:53.362843,987.18,500,BUY
2017-01-01D16:04:53.362843,987.26,25000,BUY
2017-01-01D16:04:53.362843,987.33,2000,BUY
2017-01-01D16:04:53.362843,987.5,99,BUY
2017-01-01D16:04:53.362843,987.78,15,BUY
2017-01-01D16:04:53.362843,987.87,4845,BUY
2017-01-01D16:04:53.362843,987.88,1500,BUY
2017-01-01D16:04:53.362843,987.91,2400,BUY
2017-01-01D16:04:53.362843,988,500,BUY
2017-01-01D16:04:53.362843,988.1,1500,BUY
2017-01-01D16:04:53.362843,988.2,2600,BUY
2017-01-01D16:04:53.362843,988.25,15006,BUY
2017-01-01D16:05:00.869488,986.91,2400,BUY
2017-01-01D16:05:14.532000,986.91,4493,BUY
2017-01-01D16:05:15.069869,987.27,10,BUY
2017-01-01D16:05:15.069869,987.27,490,BUY
2017-01-01D16:05:41.461224,987,500,SELL
2017-01-01D16:05:41.461224,986.78,3507,SELL
2017-01-01D16:05:41.461224,986.77,2400,SELL
2017-01-01D16:05:41.461224,986.73,500,SELL
2017-01-01D16:05:41.461224,985.94,5000,SELL
2017-01-01D16:05:41.461224,985.01,8093,SELL
2017-01-01D16:05:46.385672,984.9,2400,SELL
2017-01-01D16:05:46.385672,984.89,7600,SELL
2017-01-01D16:05:56.904581,984.88,2000,SELL
2017-01-01D16:06:00.707842,984.88,2387,SELL
2017-01-01D16:06:05.990559,984.7,10000,SELL
2017-01-01D16:06:18.190592,984.98,3000,SELL
2017-01-01D16:06:46.419081,986.01,5,BUY
2017-01-01D16:06:46.419081,986.45,8000,BUY
2017-01-01D16:06:46.419081,986.46,2106,BUY
2017-01-01D16:06:51.758454,985.21,89,SELL
2017-01-01D16:06:52.683027,985.21,7911,SELL
2017-01-01D16:06:52.683027,985.2,4089,SELL
2017-01-01D16:06:54.084605,985.21,89,SELL
2017-01-01D16:06:56.035751,986.04,5,BUY
2017-01-01D16:06:56.035751,986.75,2400,BUY
2017-01-01D16:06:56.035751,986.76,3495,BUY
2017-01-01D16:06:56.373661,985.21,89,SELL
2017-01-01D16:06:57.632626,985.21,89,SELL
2017-01-01D16:06:59.355196,985.34,2000,SELL
2017-01-01D16:06:59.482403,985.34,89,SELL
2017-01-01D16:07:08.300400,985.34,89,SELL
2017-01-01D16:07:09.853585,985.34,89,SELL
2017-01-01D16:07:20.742094,985.4,200,SELL
2017-01-01D16:07:20.742094,985.34,4800,SELL
2017-01-01D16:07:34.867540,985.35,1000,SELL
2017-01-01D16:07:48.589966,985.39,2911,SELL
2017-01-01D16:07:48.589966,985.35,7089,SELL
2017-01-01D16:07:54.159885,985.35,13,SELL
2017-01-01D16:08:13.538350,985.9,8267,BUY
2017-01-01D16:08:13.538350,985.91,11733,BUY
2017-01-01D16:08:20.443295,985.91,16,BUY
2017-01-01D16:08:33.876632,985.91,1002,BUY
2017-01-01D16:08:40.960320,985.37,500,SELL
2017-01-01D16:08:56.706774,985.37,50,SELL
2017-01-01D16:09:11.990908,985.39,5000,SELL
2017-01-01D16:09:28.148548,985.39,2450,SELL
2017-01-01D16:09:28.148548,985.38,4000,SELL
2017-01-01D16:09:28.148548,985.35,8250,SELL
2017-01-01D16:09:33.967596,985.35,3648,SELL
2017-01-01D16:10:17.440193,985.07,2400,SELL
2017-01-01D16:10:17.440193,985.06,6643,SELL
2017-01-01D16:10:18.628984,985.06,15000,SELL
2017-01-01D16:10:29.440104,985.19,5,BUY
2017-01-01D16:10:29.440104,985.29,8000,BUY
2017-01-01D16:10:29.440104,985.3,31995,BUY
2017-01-01D16:10:54.107601,985,1,SELL
2017-01-01D16:10:54.107601,985,1,SELL
2017-01-01D16:10:54.107601,984.57,500,SELL
2017-01-01D16:10:54.107601,984.53,8000,SELL
2017-01-01D16:10:54.107601,984.52,2398,SELL
2017-01-01D16:11:12.283432,984.47,5000,SELL
2017-01-01D16:11:12.283432,984.16,3002,SELL
2017-01-01D16:11:12.283432,984.14,2898,SELL
2017-01-01D16:11:16.313686,984.14,2,SELL
2017-01-01D16:11:25.187034,984.14,2000,SELL
2017-01-01D16:11:28.966554,984.14,10025,SELL
2017-01-01D16:11:30.730165,984.14,10900,SELL
2017-01-01D16:11:32.326377,984.14,4175,SELL
2017-01-01D16:11:32.326377,984,6725,SELL
2017-01-01D16:11:35.652454,984,10900,SELL
2017-01-01D16:11:39.160443,984,2153,SELL
2017-01-01D16:11:42.784547,984,222,SELL
2017-01-01D16:11:42.784547,984,9778,SELL
2017-01-01D16:11:54.942914,983.87,10111,SELL
2017-01-01D16:11:54.942914,983,5000,SELL
2017-01-01D16:11:54.942914,983,200,SELL
2017-01-01D16:11:54.942914,982.65,500,SELL
2017-01-01D16:11:54.942914,982.42,25000,SELL
2017-01-01D16:11:54.942914,982.32,3189,SELL
2017-01-01D16:11:56.429862,982.43,6000,SELL
2017-01-01D16:12:10.330509,983.05,5,BUY
2017-01-01D16:12:10.330509,983.64,995,BUY
2017-01-01D16:12:13.637877,982.16,3002,SELL
2017-01-01D16:12:13.637877,981.99,995,SELL
2017-01-01D16:12:13.637877,981.98,1003,SELL
2017-01-01D16:12:22.030046,982.01,10000,SELL
2017-01-01D16:12:26.874047,982.99,1,BUY
2017-01-01D16:12:31.349112,981.83,1,SELL
2017-01-01D16:12:31.349112,981.82,9999,SELL
2017-01-01D16:12:32.647211,982.99,6000,BUY
2017-01-01D16:12:36.333682,982.99,1,BUY
2017-01-01D16:13:05.124203,981.8,500,SELL
2017-01-01D16:13:08.374774,983.48,5,BUY
2017-01-01D16:13:08.374774,983.93,1999,BUY
2017-01-01D16:13:08.374774,983.94,496,BUY
2017-01-01D16:13:13.409062,983.97,2400,BUY
2017-01-01D16:13:13.409062,983.98,100,BUY
2017-01-01D16:13:23.632804,982.05,8000,SELL
2017-01-01D16:13:23.632804,982.04,2000,SELL
2017-01-01D16:13:55.467274,983.5,5,BUY
2017-01-01D16:13:55.467274,983.97,1995,BUY
2017-01-01D16:13:55.676905,983.97,1,BUY
2017-01-01D16:15:01.411390,982.8,5,BUY
2017-01-01D16:15:01.411390,983.49,495,BUY
2017-01-01D16:15:07.559843,982.48,1000,SELL
2017-01-01D16:15:25.774464,982.88,5,BUY
2017-01-01D16:15:25.774464,983.49,6509,BUY
2017-01-01D16:15:25.774464,983.5,13486,BUY
2017-01-01D16:15:30.204662,983.5,524,BUY
2017-01-01D16:15:31.502476,983.51,120,SELL
2017-01-01D16:15:47.448017,983.51,5339,SELL
2017-01-01D16:15:49.114768,983.51,10,SELL
2017-01-01D16:15:59.042650,982.18,1000,SELL
2017-01-01D16:16:48.597833,982.11,5000,SELL
2017-01-01D16:16:48.597833,982.1,1531,SELL
2017-01-01D16:16:48.597833,982.09,3469,SELL
2017-01-01D16:17:08.078804,982,2400,SELL
2017-01-01D16:17:11.530234,982,2600,SELL
2017-01-01D16:17:11.530234,982,1000,SELL
2017-01-01D16:17:11.530234,981.92,1174,SELL
2017-01-01D16:17:20.198860,981.8,4500,SELL
2017-01-01D16:17:20.198860,981.75,5048,SELL
2017-01-01D16:17:42.626199,982.03,300,BUY
2017-01-01D16:17:47.189681,981.89,50,BUY
2017-01-01D16:17:47.189681,981.9,50,BUY
2017-01-01D16:17:47.189681,981.99,1900,BUY
2017-01-01D16:17:50.746515,981.77,50,BUY
2017-01-01D16:17:50.746515,981.77,50,BUY
2017-01-01D16:17:53.425153,981.87,50,BUY
2017-01-01D16:17:53.425153,981.87,50,BUY
2017-01-01D16:17:53.425153,981.89,50,BUY
2017-01-01D16:17:53.425153,981.89,50,BUY
2017-01-01D16:17:53.425153,981.92,5800,BUY
2017-01-01D16:17:53.425153,981.93,2204,BUY
2017-01-01D16:17:59.569049,981.8,8000,SELL
2017-01-01D16:17:59.569049,981.79,1548,SELL
2017-01-01D16:18:06.702891,981.82,10,BUY
2017-01-01D16:18:06.996403,982.2,400,BUY
2017-01-01D16:18:11.873162,981.8,50,SELL
2017-01-01D16:18:12.241258,981.8,50,SELL
2017-01-01D16:18:14.461895,981.8,50,SELL
2017-01-01D16:18:14.597395,981.8,50,SELL
2017-01-01D16:18:14.668992,981.8,50,SELL
2017-01-01D16:18:16.788729,981.9,10,BUY
2017-01-01D16:18:17.033366,981.8,150,SELL
2017-01-01D16:18:17.033366,981.79,9850,SELL
2017-01-01D16:18:19.645004,981.9,10,BUY
2017-01-01D16:18:25.148920,982.26,270,BUY
2017-01-01D16:18:26.413294,982.24,1500,BUY
2017-01-01D16:18:34.817266,981.85,50,SELL
2017-01-01D16:18:35.283101,981.84,50,SELL
2017-01-01D16:18:36.359083,981.88,50,BUY
2017-01-01D16:18:36.359083,981.88,50,BUY
2017-01-01D16:18:36.359083,981.88,50,BUY
2017-01-01D16:18:36.359083,982,50,BUY
2017-01-01D16:18:36.359083,982,50,BUY
2017-01-01D16:18:36.359083,982.1,50,BUY
2017-01-01D16:18:36.359083,982.1,50,BUY
2017-01-01D16:18:36.359083,982.12,50,BUY
2017-01-01D16:18:36.359083,982.16,6230,BUY
2017-01-01D16:18:36.359083,982.17,2003,BUY
2017-01-01D16:18:45.813887,982.03,9548,SELL
2017-01-01D16:18:47.536951,982.03,5,SELL
2017-01-01D16:18:48.005399,982.98,50,BUY
2017-01-01D16:18:48.005399,982.99,1250,BUY
2017-01-01D16:18:52.943697,982.98,50,BUY
2017-01-01D16:18:52.943697,983.61,2400,BUY
2017-01-01D16:18:52.943697,983.62,3750,BUY
2017-01-01D16:18:58.439389,982.15,2387,SELL
2017-01-01D16:19:07.115986,982.08,1500,SELL
2017-01-01D16:19:07.668680,982.08,1399,SELL
2017-01-01D16:19:07.668680,982.03,33,SELL
2017-01-01D16:19:09.436821,982.03,1500,SELL
2017-01-01D16:19:16.706346,982.41,5,BUY
2017-01-01D16:19:16.706346,983.59,495,BUY
2017-01-01D16:19:22.068002,982.55,5,BUY
2017-01-01D16:19:25.298320,982.06,10000,SELL
2017-01-01D16:19:31.596741,982.43,10,BUY
2017-01-01D16:19:45.248755,982.43,10,BUY
2017-01-01D16:20:06.511716,982.43,3,BUY
2017-01-01D16:20:08.594894,982.43,3,BUY
2017-01-01D16:20:10.681587,982.43,3,BUY
2017-01-01D16:20:12.638547,982.43,3,BUY
2017-01-01D16:20:14.811397,982.43,3,BUY
2017-01-01D16:20:16.703464,982.55,2,BUY
2017-01-01D16:20:17.296281,982.55,43,BUY
2017-01-01D16:20:17.296281,982.55,50,BUY
2017-01-01D16:20:17.296281,983.59,1842,BUY
2017-01-01D16:20:17.296281,983.6,65,BUY
2017-01-01D16:20:21.693945,983.14,5,BUY
2017-01-01D16:20:23.545390,983.6,2400,BUY
2017-01-01D16:20:32.738522,983.6,45,BUY
2017-01-01D16:20:36.622711,983.77,5,BUY
