2017-01-01D01:26:42.060025,0.014353,2,SELL
2017-01-01D01:26:42.886908,0.014348,10,SELL
2017-01-01D01:45:22.365876,0.014276,10,SELL
2017-01-01D01:50:59.487792,0.01421,50,SELL
2017-01-01D01:53:14.137198,0.014206,10,SELL
2017-01-01D02:04:41.925894,0.014135,100,SELL
2017-01-01D02:04:52.821245,0.014157,100,SELL
2017-01-01D02:05:04.092112,0.014156,2,SELL
2017-01-01D02:05:04.092112,0.014137,98,SELL
2017-01-01D02:34:31.085716,0.01419,50,SELL
2017-01-01D02:37:14.157758,0.014097,10,SELL
2017-01-01D02:37:14.157758,0.014056,90,SELL
2017-01-01D02:40:06.319053,0.014057,10,SELL
2017-01-01D02:40:16.513431,0.014027,32,SELL
2017-01-01D02:47:19.454977,0.014099,10,BUY
2017-01-01D04:03:10.341518,0.014229,5,BUY
2017-01-01D04:11:25.216950,0.014229,5,BUY
2017-01-01D04:40:41.791655,0.014239,10,BUY
2017-01-01D04:40:41.791655,0.014271,2,BUY
2017-01-01D04:40:41.791655,0.014341,488,BUY
2017-01-01D07:17:35.982471,0.014262,50,BUY
2017-01-01D07:17:35.982471,0.014267,10,BUY
2017-01-01D07:17:35.982471,0.014351,2,BUY
2017-01-01D07:17:35.982471,0.01437,18,BUY
2017-01-01D09:52:21.395431,0.014234,10,SELL
2017-01-01D10:00:30.955998,0.01437,70,BUY
2017-01-01D10:07:20.244580,0.014359,1,BUY
2017-01-01D10:09:02.391758,0.014359,6,BUY
2017-01-01D10:11:59.289934,0.014359,1,BUY
2017-01-01D10:12:34.601557,0.014359,60,BUY
2017-01-01D10:14:57.495164,0.014359,1,BUY
2017-01-01D10:17:42.940448,0.014359,3,BUY
2017-01-01D10:17:57.661134,0.014359,26,BUY
2017-01-01D10:18:16.745609,0.01436,2,BUY
2017-01-01D10:18:29.813812,0.014361,10,BUY
2017-01-01D10:18:38.566818,0.014357,10,BUY
2017-01-01D10:18:48.461658,0.014357,10,BUY
2017-01-01D10:19:58.576493,0.014357,1,BUY
2017-01-01D10:19:58.576493,0.014358,2,BUY
2017-01-01D10:19:58.576493,0.014365,2,BUY
2017-01-01D10:28:21.377220,0.014222,10,SELL
2017-01-01D10:28:22.287648,0.014221,5,SELL
2017-01-01D10:30:51.320420,0.014022,10,SELL
2017-01-01D10:31:36.519904,0.01397,2,SELL
2017-01-01D10:31:36.519904,0.013951,123,SELL
2017-01-01D10:41:41.558589,0.014069,10,BUY
2017-01-01D10:48:07.980545,0.01401,1750,SELL
2017-01-01D10:49:02.698172,0.01401,2,SELL
2017-01-01D10:49:02.698172,0.013989,10,SELL
2017-01-01D10:49:02.698172,0.013971,1738,SELL
2017-01-01D10:52:18.296486,0.013912,2,SELL
2017-01-01D10:52:18.296486,0.013907,150,SELL
2017-01-01D10:52:54.343767,0.01391,2,SELL
2017-01-01D10:52:54.343767,0.013907,150,SELL
2017-01-01D10:53:00.685075,0.013907,152,SELL
2017-01-01D10:53:50.636975,0.013906,50,SELL
2017-01-01D10:53:50.636975,0.0139,100,SELL
2017-01-01D10:54:04.144114,0.0139,2,BUY
2017-01-01D11:26:40.807465,0.014038,10,BUY
2017-01-01D11:55:04.453510,0.014139,50,BUY
2017-01-01D11:55:04.453510,0.014178,60,BUY
2017-01-01D11:55:04.453510,0.014209,10,BUY
2017-01-01D11:55:04.453510,0.01428,22,BUY
2017-01-01D11:55:39.383756,0.014277,7,BUY
2017-01-01D11:55:59.368990,0.014277,6,BUY
2017-01-01D11:56:07.745532,0.014277,6,BUY
2017-01-01D11:56:49.114258,0.014277,6,BUY
2017-01-01D11:57:27.905789,0.014264,5,BUY
2017-01-01D11:57:51.440203,0.014266,50,BUY
2017-01-01D11:58:24.165066,0.014268,50,BUY
2017-01-01D11:58:45.978516,0.014238,1,BUY
2017-01-01D13:51:06.791673,0.014084,10,SELL
2017-01-01D14:09:33.992302,0.014083,10,BUY
2017-01-01D15:58:21.762915,0.014046,50,SELL
2017-01-01D16:26:59.625986,0.014029,10,SELL
2017-01-01D16:26:59.625986,0.013967,40,SELL
2017-01-01D16:53:36.313391,0.013897,10,SELL
2017-01-01D16:53:36.313391,0.013875,40,SELL
2017-01-01D17:02:18.945343,0.013875,10,SELL
2017-01-01D17:02:18.945343,0.013813,490,SELL
2017-01-01D17:03:04.618072,0.013811,20,SELL
2017-01-01D17:03:04.618072,0.013806,10,SELL
2017-01-01D17:03:19.632812,0.013768,60,SELL
2017-01-01D17:03:19.632812,0.013739,183,SELL
2017-01-01D17:03:35.467611,0.013711,20,SELL
2017-01-01D17:03:35.467611,0.0137,10,SELL
2017-01-01D17:04:27.058823,0.013611,20,SELL
2017-01-01D17:04:27.058823,0.01361,950,SELL
2017-01-01D17:08:50.374786,0.013755,1000,BUY
2017-01-01D17:24:11.953694,0.0136,10,SELL
2017-01-01D17:24:11.953694,0.013599,50,SELL
2017-01-01D18:14:23.791230,0.013635,9,SELL
2017-01-01D18:35:12.063982,0.013638,10,SELL
2017-01-01D18:35:12.063982,0.01362,10,SELL
2017-01-01D18:55:32.490087,0.01368,89,BUY
2017-01-01D18:55:32.490087,0.013681,1661,BUY
2017-01-01D19:03:20.538305,0.013695,89,BUY
2017-01-01D19:03:20.538305,0.013696,10,BUY
2017-01-01D19:03:21.303494,0.0137,10,SELL
2017-01-01D19:05:15.515683,0.0137,1750,SELL
2017-01-01D19:06:23.890645,0.013729,98,BUY
2017-01-01D19:06:23.890645,0.01373,2,BUY
2017-01-01D19:06:23.890645,0.013789,10,BUY
2017-01-01D19:06:23.890645,0.0138,389,BUY
2017-01-01D19:50:34.463450,0.013831,9,BUY
2017-01-01D20:30:15.539084,0.013827,94,BUY
2017-01-01D20:30:15.539084,0.013828,2,BUY
2017-01-01D20:30:15.539084,0.013832,4,BUY
2017-01-01D20:31:25.511596,0.013829,30,BUY
2017-01-01D20:31:37.970223,0.013829,10,BUY
2017-01-01D20:31:47.690169,0.01383,1,BUY
2017-01-01D20:40:40.506637,0.013718,10,SELL
2017-01-01D20:40:40.506637,0.013696,20,SELL
2017-01-01D21:50:04.916600,0.013657,10,SELL
2017-01-01D21:50:08.015910,0.013623,50,SELL
2017-01-01D21:56:58.818506,0.0136,2,SELL
2017-01-01D21:56:58.818506,0.0136,98,SELL
2017-01-01D22:00:35.664212,0.013668,10,BUY
2017-01-01D22:00:35.664212,0.013701,2,BUY
2017-01-01D22:00:35.664212,0.013768,88,BUY
2017-01-01D22:00:43.130624,0.013767,95,BUY
2017-01-01D22:00:43.130624,0.013768,5,BUY
2017-01-01D22:02:07.676421,0.013793,10,BUY
2017-01-01D22:02:20.856394,0.013794,10,BUY
2017-01-01D22:02:25.604833,0.013794,10,BUY
2017-01-01D22:02:38.865025,0.01379,50,BUY
2017-01-01D22:02:47.845601,0.013788,30,BUY
2017-01-01D22:03:01.622742,0.013777,30,BUY
2017-01-01D23:33:33.659126,0.013692,10,BUY
2017-01-01D23:33:33.659126,0.013761,2,BUY
2017-01-01D23:36:59.474047,0.013809,99,BUY
2017-01-01D23:36:59.474047,0.01381,2,BUY
2017-01-01D23:37:57.338415,0.013824,87,BUY
2017-01-01D23:39:49.182026,0.013824,94,BUY
2017-01-01D23:39:49.182026,0.013825,10,BUY
2017-01-01D23:39:54.517787,0.013962,30,BUY
2017-01-01D23:39:54.517787,0.013964,50,BUY
2017-01-01D23:39:54.517787,0.013975,50,BUY
2017-01-01D23:39:54.517787,0.013997,170,BUY
2017-01-01D23:40:36.447570,0.013962,10,BUY
2017-01-01D23:40:36.447570,0.014032,30,BUY
2017-01-01D23:40:36.447570,0.014032,30,BUY
2017-01-01D23:41:50.668019,0.014101,50,BUY
2017-01-01D23:41:50.668019,0.014102,50,BUY
2017-01-01D23:42:09.955660,0.01422,87,BUY
2017-01-01D23:42:09.955660,0.014221,2,BUY
2017-01-01D23:42:09.955660,0.014241,10,BUY
2017-01-01D23:42:09.955660,0.014256,1,BUY
2017-01-01D23:42:44.611846,0.014289,89,BUY
2017-01-01D23:42:44.611846,0.01429,10,BUY
2017-01-01D23:42:45.707913,0.014331,2,SELL
2017-01-01D23:43:04.622463,0.014396,90,BUY
2017-01-01D23:43:04.622463,0.014397,50,BUY
2017-01-01D23:43:04.622463,0.014399,60,BUY
2017-01-01D23:43:04.622463,0.014437,100,BUY
2017-01-01D23:43:10.842439,0.01444,1185,SELL
2017-01-01D23:43:11.806914,0.01444,1185,SELL
2017-01-01D23:43:12.680410,0.01444,730,SELL
2017-01-01D23:43:59.674764,0.014297,50,SELL
2017-01-01D23:44:00.514601,0.014291,100,SELL
2017-01-01D23:46:52.870325,0.014257,98,BUY
2017-01-01D23:48:40.560273,0.014213,1,BUY
2017-01-01D23:48:40.560273,0.014214,2,BUY
2017-01-01D23:48:50.728761,0.014272,2,BUY
2017-01-01D23:48:50.728761,0.014279,419,BUY
2017-01-01D23:49:00.519988,0.014255,245,SELL
2017-01-01D23:49:01.389437,0.014255,176,SELL
2017-01-01D23:56:49.091111,0.014261,50,BUY
2017-01-01D23:57:01.437318,0.01408,2,SELL
2017-01-01D23:57:01.437318,0.01406,5,SELL
2017-01-02D00:06:03.882811,0.014213,1750,BUY
2017-01-02D01:07:42.897141,0.014363,59,BUY
2017-01-02D01:07:42.897141,0.014364,2,BUY
2017-01-02D01:07:42.897141,0.014371,439,BUY
2017-01-02D01:09:19.134616,0.014397,7,BUY
2017-01-02D01:10:44.493921,0.0142,300,SELL
2017-01-02D01:10:44.493921,0.0142,3,SELL
2017-01-02D01:10:44.493921,0.014175,197,SELL
2017-01-02D01:22:23.289242,0.014389,35,BUY
2017-01-02D01:22:43.621454,0.014389,2,SELL
2017-01-02D01:22:47.707331,0.014388,41,BUY
2017-01-02D01:22:47.707331,0.014389,9,BUY
2017-01-02D01:22:47.707331,0.014389,11,BUY
2017-01-02D01:22:58.163749,0.014389,2,SELL
2017-01-02D01:23:03.549824,0.014389,9,BUY
2017-01-02D01:23:03.549824,0.014389,11,BUY
2017-01-02D01:44:36.695304,0.014246,50,SELL
2017-01-02D01:44:46.055165,0.014105,31,SELL
2017-01-02D01:44:46.826011,0.014105,29,SELL
2017-01-02D01:50:00.372692,0.01398,2,SELL
2017-01-02D01:50:00.372692,0.01394,198,SELL
2017-01-02D02:03:24.462725,0.014266,50,BUY
2017-01-02D02:25:00.713821,0.014426,10,BUY
2017-01-02D02:26:37.451039,0.014412,50,BUY
2017-01-02D02:26:55.064450,0.014416,2,BUY
2017-01-02D02:26:55.064450,0.014418,28,BUY
2017-01-02D02:48:27.518447,0.01416,2,SELL
2017-01-02D02:48:27.518447,0.014119,50,SELL
2017-01-02D02:48:27.518447,0.01409,948,SELL
2017-01-02D03:13:07.031439,0.014082,1000,SELL
2017-01-02D03:38:53.775070,0.014222,50,BUY
2017-01-02D03:40:40.217951,0.014309,20,BUY
2017-01-02D03:54:02.092134,0.014331,2,BUY
2017-01-02D04:01:22.277597,0.014291,60,BUY
2017-01-02D07:24:02.559866,0.014211,500,SELL
2017-01-02D08:00:42.332536,0.014017,331,SELL
2017-01-02D08:00:42.332536,0.014005,1419,SELL
2017-01-02D08:00:52.802615,0.014005,581,SELL
2017-01-02D08:00:58.629656,0.013964,50,SELL
2017-01-02D08:01:16.531714,0.013826,60,SELL
2017-01-02D08:01:23.181335,0.013734,250,BUY
2017-01-02D08:37:08.861144,0.013888,2,SELL
2017-01-02D08:37:08.861144,0.013869,28,SELL
2017-01-02D08:47:08.533707,0.014139,30,BUY
2017-01-02D12:16:56.958850,0.014279,50,BUY
2017-01-02D12:16:56.958850,0.014301,2,BUY
2017-01-02D12:16:56.958850,0.014366,48,BUY
2017-01-02D12:44:52.540582,0.014132,2,SELL
2017-01-02D12:44:52.540582,0.014104,98,SELL
2017-01-02D13:15:27.473000,0.01428,2,BUY
2017-01-02D13:15:27.473000,0.014303,17,BUY
2017-01-02D13:25:53.268595,0.01415,2,SELL
2017-01-02D13:25:53.268595,0.014094,28,SELL
2017-01-02D13:32:23.271500,0.01423,2,SELL
2017-01-02D13:32:23.271500,0.014208,398,SELL
2017-01-02D15:31:09.696705,0.014323,25,BUY
2017-01-02D15:42:41.583808,0.014323,247,BUY
2017-01-02D15:44:31.857978,0.014411,5,BUY
2017-01-02D15:44:31.857978,0.014452,20,BUY
2017-01-02D15:49:05.264654,0.014452,50,BUY
2017-01-02D16:00:56.838411,0.01452,25,BUY
2017-01-02D16:06:35.133141,0.014583,116,BUY
2017-01-02D16:06:35.133141,0.014611,5,BUY
2017-01-02D16:06:35.133141,0.014664,379,BUY
2017-01-02D16:09:47.749672,0.014665,50,BUY
2017-01-02D16:09:47.749672,0.014712,60,BUY
2017-01-02D16:10:05.399743,0.014976,97,BUY
2017-01-02D16:10:05.399743,0.014977,403,BUY
2017-01-02D16:10:10.155370,0.014986,25,BUY
2017-01-02D16:10:47.826127,0.014822,400,BUY
2017-01-02D16:11:07.037628,0.014865,400,BUY
2017-01-02D16:15:29.034262,0.01473,5,SELL
2017-01-02D16:15:29.034262,0.014714,115,SELL
2017-01-02D16:19:31.366334,0.014717,91,BUY
2017-01-02D16:19:31.366334,0.014718,5,BUY
2017-01-02D16:19:33.140347,0.014732,304,SELL
2017-01-02D16:24:02.709868,0.0147,15,BUY
2017-01-02D16:24:02.709868,0.01477,200,BUY
2017-01-02D16:29:02.154153,0.014792,5,BUY
2017-01-02D16:29:02.154153,0.014848,195,BUY
2017-01-02D16:35:50.248853,0.014895,50,BUY
2017-01-02D16:35:50.248853,0.014902,5,BUY
2017-01-02D16:35:50.248853,0.01491,145,BUY
2017-01-02D16:36:56.751943,0.01491,55,BUY
2017-01-02D16:48:22.698414,0.014867,78,BUY
2017-01-02D16:49:41.878429,0.014867,11,BUY
2017-01-02D16:49:41.878429,0.014868,5,BUY
2017-01-02D16:49:41.878429,0.014877,129,BUY
2017-01-02D16:53:51.481814,0.014971,95,BUY
2017-01-02D16:54:38.474359,0.01493,80,BUY
2017-01-02D16:54:54.334796,0.014897,19,BUY
2017-01-02D16:54:54.334796,0.014898,6,BUY
2017-01-02D17:02:18.212978,0.014888,5,BUY
2017-01-02D17:02:52.453916,0.014951,25,BUY
2017-01-02D17:04:54.364584,0.014947,20,BUY
2017-01-02D17:14:34.989717,0.015058,50,BUY
2017-01-02D17:14:35.279773,0.01531,25,BUY
2017-01-02D17:15:33.902870,0.015233,94,BUY
2017-01-02D17:15:33.902870,0.015234,5,BUY
2017-01-02D17:15:33.902870,0.015239,501,BUY
2017-01-02D17:18:23.501887,0.015168,5,BUY
2017-01-02D17:18:23.501887,0.015221,35,BUY
2017-01-02D17:19:52.835642,0.015185,90,BUY
2017-01-02D17:19:52.835642,0.015186,5,BUY
2017-01-02D17:19:52.835642,0.01523,25,BUY
2017-01-02D17:20:03.178973,0.015248,650,BUY
2017-01-02D17:21:18.058770,0.015287,70,BUY
2017-01-02D17:21:21.454885,0.015293,50,BUY
2017-01-02D17:21:34.513179,0.015287,50,BUY
2017-01-02D17:24:13.568839,0.015249,25,BUY
2017-01-02D17:26:36.746913,0.01524,159,BUY
2017-01-02D17:26:36.746913,0.01524,5,BUY
2017-01-02D17:26:38.203131,0.01524,36,SELL
2017-01-02D17:26:46.827686,0.0152,50,SELL
2017-01-02D17:26:59.275333,0.0151,200,SELL
2017-01-02D17:27:00.309305,0.0151,40,SELL
2017-01-02D17:27:20.779760,0.015197,500,BUY
2017-01-02D17:27:45.147456,0.0151,118,SELL
2017-01-02D17:27:45.677035,0.0151,118,SELL
2017-01-02D17:27:46.378359,0.0151,118,SELL
2017-01-02D17:27:52.497732,0.0151,407,SELL
2017-01-02D17:27:52.497732,0.015089,50,SELL
2017-01-02D17:27:52.497732,0.014939,60,SELL
2017-01-02D17:27:52.497732,0.014935,83,SELL
2017-01-02D17:32:33.485142,0.01514,5,BUY
2017-01-02D17:32:33.485142,0.015173,35,BUY
2017-01-02D17:36:35.221939,0.015,140,SELL
2017-01-02D17:36:40.192753,0.014986,40,SELL
2017-01-02D17:40:25.695776,0.0151,60,BUY
2017-01-02D17:40:25.695776,0.015102,5,BUY
2017-01-02D17:40:25.695776,0.015174,17,BUY
2017-01-02D17:40:25.695776,0.015175,118,BUY
2017-01-02D17:41:40.650164,0.015108,5,BUY
2017-01-02D17:41:40.650164,0.015198,17,BUY
2017-01-02D17:41:40.650164,0.015199,1728,BUY
2017-01-02D17:55:27.130893,0.01513,120,BUY
2017-01-02D17:55:52.850689,0.0152,50,BUY
2017-01-02D17:59:26.011005,0.015382,50,BUY
2017-01-02D17:59:26.011005,0.015382,10,BUY
2017-01-02D18:02:12.365504,0.01553,50,BUY
2017-01-02D18:04:09.519314,0.015594,50,BUY
2017-01-02D18:05:14.191748,0.015679,50,SELL
2017-01-02D18:06:50.686713,0.015519,1750,SELL
2017-01-02D18:09:48.511437,0.015395,50,SELL
2017-01-02D18:09:48.511437,0.015336,412,SELL
2017-01-02D18:16:19.471881,0.01561,100,BUY
2017-01-02D18:16:38.783109,0.015684,10,BUY
2017-01-02D18:17:44.829682,0.015787,50,BUY
2017-01-02D18:17:47.011937,0.015787,20,BUY
2017-01-02D18:19:17.277776,0.015811,50,BUY
2017-01-02D18:19:17.277776,0.015851,10,BUY
2017-01-02D18:19:17.277776,0.015954,440,BUY
2017-01-02D18:20:24.645884,0.01592,10,BUY
2017-01-02D18:20:24.645884,0.015942,500,BUY
2017-01-02D18:20:26.575046,0.015942,50,SELL
2017-01-02D18:20:48.856584,0.015967,3,BUY
2017-01-02D18:20:54.080276,0.015967,96,BUY
2017-01-02D18:21:14.422778,0.015968,50,BUY
2017-01-02D18:21:31.348666,0.016034,50,BUY
2017-01-02D18:22:52.313439,0.016047,50,BUY
2017-01-02D18:22:54.696758,0.016047,42,BUY
2017-01-02D18:22:54.696758,0.016048,10,BUY
2017-01-02D18:22:54.696758,0.016111,23,BUY
2017-01-02D18:23:37.929993,0.015848,10,SELL
2017-01-02D18:23:37.929993,0.015848,120,SELL
2017-01-02D18:24:36.018826,0.015675,650,SELL
2017-01-02D18:27:41.789285,0.015879,93,BUY
2017-01-02D18:27:41.789285,0.01588,7,BUY
2017-01-02D18:28:05.010476,0.015891,20,BUY
2017-01-02D18:31:05.318818,0.015828,10,BUY
2017-01-02D18:31:19.253223,0.01583,10,BUY
2017-01-02D18:31:19.253223,0.015868,40,BUY
2017-01-02D18:31:39.778083,0.0158,50,SELL
2017-01-02D18:33:12.751415,0.01572,100,SELL
2017-01-02D18:33:29.157016,0.015627,2,SELL
2017-01-02D18:38:17.786809,0.015561,50,SELL
2017-01-02D18:38:21.344766,0.0155,40,SELL
2017-01-02D18:38:40.168294,0.015443,30,BUY
2017-01-02D18:38:47.520501,0.015443,30,BUY
2017-01-02D18:41:11.853264,0.015346,50,SELL
2017-01-02D18:41:11.853264,0.015318,60,SELL
2017-01-02D18:41:11.853264,0.015267,390,SELL
2017-01-02D18:42:51.765400,0.015295,706,BUY
2017-01-02D18:45:05.888425,0.015422,10,BUY
2017-01-02D18:45:12.580762,0.01546,90,SELL
2017-01-02D18:47:51.279702,0.015703,100,BUY
2017-01-02D18:49:27.322032,0.01569,50,BUY
2017-01-02D18:50:46.395868,0.015594,2,BUY
2017-01-02D18:53:14.416912,0.01559,45,BUY
2017-01-02D18:53:14.416912,0.0156,100,BUY
2017-01-02D18:53:14.416912,0.015635,155,BUY
2017-01-02D18:55:48.433312,0.015349,30,SELL
2017-01-02D18:58:59.743011,0.01541,10,SELL
2017-01-02D19:00:24.890749,0.01556,10,BUY
2017-01-02D19:00:24.890749,0.015618,1,BUY
2017-01-02D19:08:06.845207,0.015346,50,SELL
2017-01-02D19:08:31.869071,0.01532,10,SELL
2017-01-02D19:08:31.869071,0.015268,40,SELL
2017-01-02D19:10:32.443954,0.015272,20,SELL
2017-01-02D19:11:46.344829,0.01527,10,SELL
2017-01-02D19:11:46.344829,0.015243,40,SELL
2017-01-02D19:12:25.964566,0.01526,20,SELL
2017-01-02D19:12:53.879769,0.015328,20,SELL
2017-01-02D19:13:13.775507,0.015328,20,SELL
2017-01-02D19:13:19.858725,0.015328,20,SELL
2017-01-02D19:15:52.680984,0.015474,10,BUY
2017-01-02D19:15:52.680984,0.015492,40,BUY
2017-01-02D19:17:28.212838,0.015547,1000,BUY
2017-01-02D19:19:51.788571,0.015548,10,BUY
2017-01-02D19:19:51.788571,0.015628,50,BUY
2017-01-02D19:19:51.788571,0.015628,40,BUY
2017-01-02D19:19:51.788571,0.015657,200,BUY
2017-01-02D19:20:49.306086,0.0157,100,SELL
2017-01-02D19:23:02.434681,0.015546,11,SELL
2017-01-02D19:23:59.856675,0.015702,41,BUY
2017-01-02D19:25:31.740536,0.0158,10,BUY
2017-01-02D19:25:31.740536,0.015859,50,BUY
2017-01-02D19:25:31.740536,0.0159,10,BUY
2017-01-02D19:25:31.740536,0.015922,30,BUY
2017-01-02D19:25:51.262621,0.015999,2,BUY
2017-01-02D19:26:16.414264,0.016,10,BUY
2017-01-02D19:26:25.951507,0.015902,40,SELL
2017-01-02D19:26:34.453281,0.016081,9,BUY
2017-01-02D19:28:01.587672,0.015999,30,SELL
2017-01-02D19:28:59.959274,0.015999,70,SELL
2017-01-02D19:29:02.706811,0.0159,20,SELL
2017-01-02D19:29:10.169581,0.0159,60,SELL
2017-01-02D19:29:52.355480,0.0159,10,SELL
2017-01-02D19:29:52.355480,0.015823,40,SELL
2017-01-02D19:31:17.980495,0.0161,10,BUY
2017-01-02D19:31:17.980495,0.01615,40,BUY
2017-01-02D19:35:03.490340,0.015958,2,SELL
2017-01-02D19:47:29.467683,0.0158,20,SELL
2017-01-02D19:48:02.563821,0.0158,556,SELL
2017-01-02D19:48:05.911855,0.0158,424,SELL
2017-01-02D19:49:08.303588,0.015779,252,SELL
2017-01-02D19:49:09.439612,0.015779,248,SELL
2017-01-02D19:49:37.597808,0.01576,60,SELL
2017-01-02D19:50:59.576782,0.015779,31,BUY
2017-01-02D19:54:13.149478,0.016128,17,BUY
2017-01-02D19:54:13.149478,0.01615,10,BUY
2017-01-02D19:54:13.149478,0.01617,3,BUY
2017-01-02D19:54:34.741978,0.01614,10,BUY
2017-01-02D19:54:34.741978,0.01614,190,BUY
2017-01-02D19:56:13.290111,0.016014,31,SELL
2017-01-02D19:56:23.349713,0.0161,1,SELL
2017-01-02D19:58:44.767574,0.016008,200,SELL
2017-01-02D20:01:28.759544,0.0162,10,BUY
2017-01-02D20:09:52.510819,0.01605,28,SELL
2017-01-02D20:10:32.917695,0.01605,70,SELL
2017-01-02D20:12:50.221467,0.015905,150,SELL
2017-01-02D20:12:50.221467,0.015904,39,SELL
2017-01-02D20:12:50.221467,0.01589,11,SELL
2017-01-02D20:18:48.636037,0.01606,30,BUY
2017-01-02D20:18:55.466400,0.016079,60,BUY
2017-01-02D20:30:59.441359,0.015986,13,SELL
2017-01-02D20:31:12.258331,0.01601,13,BUY
2017-01-02D20:31:29.186193,0.015993,14,SELL
2017-01-02D20:33:11.916027,0.016,10,SELL
2017-01-02D20:35:54.396266,0.01594,10,SELL
2017-01-02D20:43:28.171247,0.015998,10,BUY
2017-01-02D20:43:28.171247,0.015998,10,BUY
2017-01-02D20:43:28.171247,0.015999,150,BUY
2017-01-02D20:49:02.314790,0.01578,1,SELL
2017-01-02D20:49:27.446076,0.015742,50,SELL
2017-01-02D20:50:02.249353,0.015733,60,SELL
2017-01-02D20:55:46.655491,0.015897,57,BUY
2017-01-02D20:55:46.655491,0.015898,10,BUY
2017-01-02D20:55:46.655491,0.015914,133,BUY
2017-01-02D20:56:35.330820,0.01591,200,BUY
2017-01-02D20:59:49.588699,0.015808,100,SELL
2017-01-02D21:17:55.461110,0.01594,70,SELL
2017-01-02D21:21:38.406924,0.016,1,BUY
2017-01-02D21:21:45.824086,0.016005,50,BUY
2017-01-02D21:21:56.516328,0.0161,108,BUY
2017-01-02D21:22:09.342411,0.016132,1000,BUY
2017-01-02D21:25:51.302638,0.016206,10,BUY
2017-01-02D21:26:00.697176,0.016206,115,SELL
2017-01-02D21:26:05.519175,0.016216,1,SELL
2017-01-02D21:26:06.437462,0.016216,1,SELL
2017-01-02D21:26:06.888061,0.016216,1,SELL
2017-01-02D21:26:37.623598,0.016201,6,SELL
2017-01-02D21:26:39.781637,0.016216,1,SELL
2017-01-02D21:26:40.218791,0.016216,1,SELL
2017-01-02D21:26:40.822757,0.016216,1,SELL
2017-01-02D21:32:39.731993,0.016055,41,SELL
2017-01-02D21:35:57.553926,0.01607,10,SELL
2017-01-02D21:37:22.250689,0.016219,200,BUY
2017-01-02D21:38:11.671742,0.01607,150,SELL
2017-01-02D21:40:42.005629,0.01595,10,SELL
2017-01-02D21:45:38.948656,0.015896,60,SELL
2017-01-02D21:45:38.948656,0.015894,50,SELL
2017-01-02D21:46:14.778948,0.015874,160,BUY
2017-01-02D21:52:27.459419,0.0158,137,SELL
2017-01-02D21:52:34.361567,0.015639,50,SELL
2017-01-02D21:52:34.361567,0.015579,150,SELL
2017-01-02D21:55:34.576901,0.0157,194,BUY
2017-01-02D21:56:16.285900,0.0157,1,BUY
2017-01-02D21:56:17.283165,0.0157,1,BUY
2017-01-02D21:56:17.807622,0.0157,1,BUY
2017-01-02D21:56:18.359166,0.0157,1,BUY
2017-01-02D21:56:18.966975,0.0157,1,BUY
2017-01-02D21:56:19.477496,0.0157,1,BUY
2017-01-02D21:56:20.035063,0.015848,1,BUY
2017-01-02D22:08:12.700646,0.0157,201,BUY
2017-01-02D22:08:12.700646,0.015711,10,BUY
2017-01-02D22:08:12.700646,0.01575,15,BUY
2017-01-02D22:08:12.700646,0.01575,160,BUY
2017-01-02D22:08:12.700646,0.015803,364,BUY
2017-01-02D22:08:51.425038,0.015799,2,BUY
2017-01-02D22:15:46.323943,0.0158,100,BUY
2017-01-02D22:20:30.855419,0.01581,10,SELL
2017-01-02D22:20:30.855419,0.015797,140,SELL
2017-01-02D22:40:53.960211,0.015859,100,SELL
2017-01-02D22:41:20.169690,0.015933,50,BUY
2017-01-02D22:41:20.169690,0.015971,10,BUY
2017-01-02D22:41:20.169690,0.016,10,BUY
2017-01-02D22:41:20.169690,0.016,30,BUY
2017-01-02D22:49:29.346396,0.015789,1,SELL
2017-01-02D22:49:43.560139,0.015789,1,SELL
2017-01-02D22:53:31.296781,0.016,110,BUY
2017-01-02D22:53:53.716927,0.016021,10,BUY
2017-01-02D22:55:51.607935,0.016146,96,BUY
2017-01-02D22:59:13.478226,0.01602,100,SELL
2017-01-02D22:59:13.478226,0.016,10,SELL
2017-01-02D22:59:13.478226,0.01585,10,SELL
2017-01-02D22:59:13.478226,0.015829,50,SELL
2017-01-02D22:59:13.478226,0.015824,130,SELL
2017-01-02D23:07:01.883744,0.016002,10,BUY
2017-01-02D23:11:06.994876,0.016058,10,BUY
2017-01-02D23:16:01.538085,0.015861,10,SELL
2017-01-02D23:16:01.538085,0.01586,50,SELL
2017-01-02D23:16:01.538085,0.01586,10,SELL
2017-01-02D23:47:11.439196,0.015836,10,SELL
2017-01-02D23:47:11.439196,0.0158,10,SELL
2017-01-02D23:53:01.545799,0.0158,50,BUY
2017-01-03D00:21:28.674347,0.015789,5,BUY
2017-01-03D00:21:49.705720,0.015796,4,SELL
2017-01-03D00:22:28.834381,0.015796,4,SELL
2017-01-03D00:22:43.688220,0.015797,4,SELL
2017-01-03D00:33:31.981129,0.01579,50,BUY
2017-01-03D00:47:59.820522,0.0157,1,SELL
2017-01-03D00:49:38.812951,0.0157,69,SELL
2017-01-03D00:49:56.457122,0.015669,10,SELL
2017-01-03D00:49:57.313635,0.015666,50,SELL
2017-01-03D00:51:16.822867,0.015484,60,SELL
2017-01-03D00:51:16.822867,0.01544,10,SELL
2017-01-03D00:51:16.822867,0.015426,30,SELL
2017-01-03D00:51:59.818138,0.015404,10,SELL
2017-01-03D00:51:59.818138,0.01535,10,SELL
2017-01-03D00:51:59.818138,0.015328,55,SELL
2017-01-03D01:17:27.925730,0.015466,55,SELL
2017-01-03D01:17:42.282792,0.015499,10,BUY
2017-01-03D01:17:42.282792,0.01561,50,BUY
2017-01-03D01:17:44.983153,0.015654,20,BUY
2017-01-03D01:17:46.428237,0.01573,10,SELL
2017-01-03D01:17:46.611557,0.01573,931,SELL
2017-01-03D01:17:47.195342,0.01573,789,SELL
2017-01-03D01:19:11.557284,0.01581,75,BUY
2017-01-03D02:02:37.400905,0.01581,180,BUY
2017-01-03D02:02:37.400905,0.015812,10,BUY
2017-01-03D02:03:35.932659,0.015928,100,BUY
2017-01-03D02:04:20.658350,0.01595,10,BUY
2017-01-03D02:04:37.447154,0.015926,1750,SELL
2017-01-03D02:04:45.704549,0.01595,1740,BUY
2017-01-03D02:06:13.127045,0.015885,10,SELL
2017-01-03D02:37:41.887970,0.015987,3,SELL
2017-01-03D02:39:18.120270,0.01595,10,SELL
2017-01-03D02:39:18.120270,0.015855,10,SELL
2017-01-03D02:39:18.120270,0.015843,50,SELL
2017-01-03D02:39:18.120270,0.015792,20,SELL
2017-01-03D02:39:18.120270,0.015754,300,SELL
2017-01-03D02:40:52.493213,0.015788,10,SELL
2017-01-03D02:58:43.841893,0.016001,3,BUY
2017-01-03D03:22:17.231586,0.016081,10,BUY
2017-01-03D03:23:15.624630,0.016087,50,BUY
2017-01-03D03:56:04.943042,0.016008,6,SELL
2017-01-03D04:02:49.668648,0.016126,50,BUY
2017-01-03D04:04:26.287097,0.0162,150,BUY
2017-01-03D04:14:43.727658,0.016198,150,BUY
2017-01-03D04:29:25.854077,0.0162,500,BUY
2017-01-03D04:29:58.644986,0.0162,250,BUY
2017-01-03D04:33:13.269694,0.0162,15,BUY
2017-01-03D04:33:15.012786,0.0162,1,BUY
2017-01-03D04:33:23.136307,0.0162,84,BUY
2017-01-03D04:36:32.831788,0.016247,100,BUY
2017-01-03D04:37:02.145837,0.01637,1,BUY
2017-01-03D05:19:45.652773,0.016398,25,BUY
2017-01-03D05:19:50.535770,0.016399,25,BUY
2017-01-03D05:26:38.529851,0.016438,10,BUY
2017-01-03D05:26:38.529851,0.01649,90,BUY
2017-01-03D05:29:08.507738,0.016439,60,BUY
2017-01-03D05:31:51.878390,0.016395,1,SELL
2017-01-03D05:36:10.607639,0.01636,10,SELL
2017-01-03D05:36:24.050220,0.016297,25,SELL
2017-01-03D06:06:02.885745,0.016296,10,SELL
2017-01-03D06:06:02.885745,0.016268,1,SELL
2017-01-03D06:06:02.885745,0.016177,20,SELL
2017-01-03D06:06:53.050891,0.016117,1,BUY
2017-01-03D06:07:18.369428,0.016121,1,BUY
2017-01-03D06:32:39.531847,0.01615,60,BUY
2017-01-03D06:32:53.389498,0.01615,1,BUY
2017-01-03D06:43:19.415213,0.01608,10,SELL
2017-01-03D06:43:19.415213,0.01608,1,SELL
2017-01-03D06:43:20.243002,0.016073,10,BUY
2017-01-03D06:50:16.354858,0.01602,10,SELL
2017-01-03D06:50:16.354858,0.01602,10,SELL
2017-01-03D06:50:16.354858,0.015971,100,SELL
2017-01-03D06:50:44.025422,0.015964,1500,SELL
2017-01-03D06:50:44.025422,0.015963,350,SELL
2017-01-03D06:51:37.384680,0.015962,10,SELL
2017-01-03D06:51:37.384680,0.015938,110,SELL
2017-01-03D07:08:09.250376,0.01615,39,BUY
2017-01-03D07:12:55.894676,0.01622,10,SELL
2017-01-03D07:12:55.894676,0.016121,10,SELL
2017-01-03D07:12:55.894676,0.016114,210,SELL
2017-01-03D07:15:07.147478,0.01627,100,BUY
2017-01-03D07:29:32.316475,0.016157,25,SELL
2017-01-03D07:39:13.039090,0.016277,10,BUY
2017-01-03D07:39:13.039090,0.01632,150,BUY
2017-01-03D07:53:28.378042,0.016439,3,BUY
2017-01-03D07:59:47.510920,0.016439,40,BUY
2017-01-03D07:59:47.510920,0.016443,10,BUY
2017-01-03D07:59:47.510920,0.016484,100,BUY
2017-01-03D08:03:31.755049,0.01649,2,BUY
2017-01-03D08:06:34.425044,0.01649,58,BUY
2017-01-03D08:06:34.425044,0.0165,42,BUY
2017-01-03D08:10:09.064536,0.0165,4,BUY
2017-01-03D08:21:25.736071,0.01627,10,SELL
2017-01-03D08:21:30.065363,0.01623,3,SELL
2017-01-03D08:21:30.974089,0.01623,7,SELL
2017-01-03D08:21:30.974089,0.01623,10,SELL
2017-01-03D08:21:30.974089,0.01623,8,SELL
2017-01-03D08:21:41.473269,0.016154,150,SELL
2017-01-03D08:21:41.473269,0.016123,100,SELL
2017-01-03D08:22:30.298512,0.016074,10,SELL
2017-01-03D08:23:40.871460,0.015954,100,SELL
2017-01-03D08:52:29.049192,0.016037,10,BUY
2017-01-03D09:15:36.643084,0.015916,1408,BUY
2017-01-03D09:19:21.547649,0.015948,6,BUY
2017-01-03D09:21:21.875488,0.0159,80,SELL
2017-01-03D09:21:21.875488,0.015875,10,SELL
2017-01-03D09:21:21.875488,0.015796,150,SELL
2017-01-03D09:21:21.875488,0.015796,14,SELL
2017-01-03D09:28:04.919086,0.015792,407,SELL
2017-01-03D09:28:44.647218,0.015675,6,SELL
2017-01-03D09:28:59.188198,0.015638,10,SELL
2017-01-03D09:49:19.166181,0.015745,95,SELL
2017-01-03D09:49:19.166181,0.015744,205,SELL
2017-01-03D09:50:44.820127,0.01573,90,SELL
2017-01-03D09:50:44.820127,0.015729,110,SELL
2017-01-03D10:23:38.463355,0.015787,10,BUY
2017-01-03D10:23:38.463355,0.015799,100,BUY
2017-01-03D10:23:49.517009,0.015836,10,BUY
2017-01-03D10:25:13.752715,0.015954,100,BUY
2017-01-03D10:25:16.044551,0.015957,150,BUY
2017-01-03D10:25:51.800572,0.016033,10,BUY
2017-01-03D10:26:45.644095,0.016152,100,BUY
2017-01-03D10:29:16.832928,0.016078,10,SELL
2017-01-03D10:29:16.832928,0.015984,90,SELL
2017-01-03D10:32:17.015773,0.016134,10,BUY
2017-01-03D10:33:51.548400,0.016003,10,SELL
2017-01-03D10:45:06.634257,0.016002,10,SELL
2017-01-03D11:32:13.513476,0.015938,9,BUY
2017-01-03D11:33:40.698654,0.01606,10,BUY
2017-01-03D11:33:40.698654,0.016099,27,BUY
2017-01-03D12:04:52.665370,0.016098,10,BUY
2017-01-03D12:05:04.864954,0.016097,10,BUY
2017-01-03D12:35:30.583840,0.01604,10,BUY
2017-01-03D12:46:41.349493,0.016014,805,BUY
2017-01-03D14:12:55.264417,0.0162,10,BUY
2017-01-03D14:15:41.701796,0.016268,200,BUY
2017-01-03D14:17:16.006898,0.016269,10,BUY
2017-01-03D14:26:11.569733,0.016235,1,SELL
2017-01-03D14:27:39.946670,0.016313,200,BUY
2017-01-03D14:54:55.015477,0.016213,50,SELL
2017-01-03D14:56:27.061703,0.016224,98,SELL
2017-01-03D14:56:27.061703,0.016223,200,SELL
2017-01-03D15:04:12.706565,0.016313,150,BUY
2017-01-03D15:04:33.677339,0.016227,10,SELL
2017-01-03D15:37:16.591208,0.016264,37,BUY
2017-01-03D15:46:45.908411,0.016046,10,SELL
2017-01-03D15:47:20.911050,0.015885,345,SELL
2017-01-03D15:47:20.911050,0.015874,100,SELL
2017-01-03D15:47:34.373581,0.015854,100,SELL
2017-01-03D15:52:22.207406,0.015845,345,SELL
2017-01-03D15:52:41.386630,0.015807,10,SELL
2017-01-03D15:56:42.294112,0.015983,200,BUY
2017-01-03D15:57:39.528872,0.015985,100,BUY
2017-01-03D16:03:24.756891,0.015924,200,SELL
2017-01-03D16:03:24.756891,0.015923,185,SELL
2017-01-03D16:24:50.154278,0.016039,10,BUY
2017-01-03D16:34:46.937346,0.016157,2,BUY
2017-01-03D16:43:14.611438,0.016072,2,SELL
2017-01-03D16:43:14.611438,0.016026,198,SELL
2017-01-03D16:44:12.474061,0.016021,5,SELL
2017-01-03D16:54:51.686258,0.015879,10,SELL
2017-01-03D17:02:03.890286,0.01588,4,SELL
2017-01-03D17:02:12.483873,0.01588,10,SELL
2017-01-03D17:37:42.895683,0.016021,3,BUY
2017-01-03D17:37:42.895683,0.016031,10,BUY
2017-01-03D17:40:30.281920,0.01611,10,BUY
2017-01-03D17:40:30.281920,0.016111,177,BUY
2017-01-03D18:10:39.835655,0.016108,10,BUY
2017-01-03D18:10:39.835655,0.016108,110,BUY
2017-01-03D18:47:58.453602,0.015867,10,SELL
2017-01-03D18:47:58.453602,0.015817,240,SELL
2017-01-03D18:53:53.266604,0.01581,10,SELL
2017-01-03D18:53:53.266604,0.015735,50,SELL
2017-01-03D18:59:01.665938,0.015661,50,SELL
2017-01-03D18:59:01.665938,0.015657,10,SELL
2017-01-03D18:59:21.667473,0.015623,60,SELL
2017-01-03D19:05:24.241180,0.015623,10,SELL
2017-01-03D19:05:24.241180,0.015617,100,SELL
2017-01-03D19:05:24.241180,0.0156,60,SELL
2017-01-03D19:05:24.241180,0.015579,150,SELL
2017-01-03D19:05:24.241180,0.015563,681,SELL
2017-01-03D19:27:50.981013,0.015718,89,SELL
2017-01-03D19:27:50.981013,0.015717,11,SELL
2017-01-03D19:28:53.943836,0.015706,96,SELL
2017-01-03D19:28:53.943836,0.015705,4,SELL
2017-01-03D20:10:05.923683,0.015656,10,SELL
2017-01-03D20:10:05.923683,0.015555,490,SELL
2017-01-03D20:11:56.470646,0.015478,10,SELL
2017-01-03D20:11:56.470646,0.015448,100,SELL
2017-01-03D20:12:00.074807,0.015401,20,SELL
2017-01-03D20:12:00.074807,0.015343,100,SELL
2017-01-03D20:12:00.074807,0.015309,30,SELL
2017-01-03D20:12:13.847713,0.015303,6,BUY
2017-01-03D20:24:08.927935,0.015415,200,BUY
2017-01-03D20:25:34.525784,0.015417,100,BUY
2017-01-03D20:26:01.584903,0.015456,10,BUY
2017-01-03D20:26:01.584903,0.015498,1,BUY
2017-01-03D20:26:46.579184,0.015497,10,BUY
2017-01-03D20:27:19.302306,0.015499,10,BUY
2017-01-03D20:27:19.302306,0.0155,10,BUY
2017-01-03D20:27:22.112224,0.0155,20,BUY
2017-01-03D20:27:24.965673,0.0155,20,BUY
2017-01-03D20:27:25.011595,0.015531,134,BUY
2017-01-03D20:27:47.673707,0.01555,20,BUY
2017-01-03D20:28:02.863909,0.015551,5,BUY
2017-01-03D20:40:54.779861,0.015411,10,SELL
2017-01-03D20:47:27.456526,0.015411,200,SELL
2017-01-03D20:47:44.310947,0.01541,15,SELL
2017-01-03D20:47:44.310947,0.015405,10,SELL
2017-01-03D20:51:23.418386,0.01557,20,BUY
2017-01-03D20:53:15.343800,0.0155,1,BUY
2017-01-03D20:55:24.424195,0.015322,96,SELL
2017-01-03D20:55:42.330885,0.015323,55,SELL
2017-01-03D20:56:05.081040,0.015322,20,SELL
2017-01-03D21:08:45.823394,0.015295,116,SELL
2017-01-03D21:11:15.294218,0.015295,15,SELL
2017-01-03D21:13:15.130521,0.015286,100,SELL
2017-01-03D21:16:24.426152,0.015229,10,SELL
2017-01-03D21:16:24.426152,0.015172,100,SELL
2017-01-03D21:16:24.426152,0.015168,200,SELL
2017-01-03D21:16:24.426152,0.015132,500,SELL
2017-01-03D21:16:31.896718,0.01503,150,SELL
2017-01-03D21:16:31.896718,0.015002,10,SELL
2017-01-03D21:16:31.896718,0.015,500,SELL
2017-01-03D21:16:31.896718,0.014987,443,SELL
2017-01-03D21:16:31.896718,0.014965,100,SELL
2017-01-03D21:16:31.896718,0.014927,20,SELL
2017-01-03D21:16:31.896718,0.014905,500,SELL
2017-01-03D21:16:31.896718,0.014853,30,SELL
2017-01-03D21:16:31.896718,0.014843,100,SELL
2017-01-03D21:16:31.896718,0.01481,1000,SELL
2017-01-03D21:16:31.896718,0.0148,200,SELL
2017-01-03D21:16:31.896718,0.014779,40,SELL
2017-01-03D21:16:48.937744,0.0147,70,SELL
2017-01-03D21:16:51.244084,0.014627,10,SELL
2017-01-03D21:16:51.244084,0.014591,100,SELL
2017-01-03D21:16:51.244084,0.014555,20,SELL
2017-01-03D21:16:51.244084,0.01451,50,SELL
2017-01-03D21:16:51.244084,0.014482,30,SELL
2017-01-03D21:16:51.244084,0.014469,686,SELL
2017-01-03D21:16:51.244084,0.014469,15,SELL
2017-01-03D21:16:56.264576,0.014507,500,SELL
2017-01-03D21:16:56.641956,0.014523,70,BUY
2017-01-03D21:16:56.641956,0.014536,130,BUY
2017-01-03D21:17:02.679510,0.014594,10,BUY
2017-01-03D21:17:02.679510,0.014667,20,BUY
2017-01-03D21:17:02.679510,0.014691,10,BUY
2017-01-03D21:17:02.679510,0.014718,60,BUY
2017-01-03D21:17:36.661093,0.014472,156,SELL
2017-01-03D21:17:36.661093,0.014472,10,SELL
2017-01-03D21:17:36.661093,0.014465,10,SELL
2017-01-03D21:17:37.773992,0.014447,521,BUY
2017-01-03D21:17:53.571282,0.014633,10,BUY
2017-01-03D21:17:53.571282,0.014634,5,BUY
2017-01-03D21:18:45.800901,0.014632,10,BUY
2017-01-03D21:19:13.546753,0.0148,50,BUY
2017-01-03D21:20:29.176990,0.014852,10,BUY
2017-01-03D21:20:29.176990,0.014861,100,BUY
2017-01-03D21:20:40.440993,0.014902,1,BUY
2017-01-03D21:20:51.359499,0.014909,10,BUY
2017-01-03D21:21:02.585449,0.014899,10,BUY
2017-01-03D21:21:27.842842,0.014861,20,BUY
2017-01-03D21:21:43.656242,0.014831,20,BUY
2017-01-03D21:21:52.844567,0.014831,10,BUY
2017-01-03D21:21:59.450317,0.01483,2,BUY
2017-01-03D21:22:03.023635,0.014831,2,BUY
2017-01-03D21:24:07.173890,0.014773,1,SELL
2017-01-03D21:24:07.173890,0.014715,100,SELL
2017-01-03D21:24:07.173890,0.014711,55,SELL
2017-01-03D21:25:42.117005,0.0147,500,SELL
2017-01-03D21:39:20.691257,0.014688,10,SELL
2017-01-03D21:39:22.888585,0.014688,10,SELL
2017-01-03D21:39:23.865225,0.014688,10,SELL
2017-01-03D21:39:24.590295,0.014688,10,SELL
2017-01-03D21:39:25.352509,0.014688,10,SELL
2017-01-03D21:39:26.023691,0.014678,10,SELL
2017-01-03D21:42:44.446911,0.01471,100,BUY
2017-01-03D21:42:49.476365,0.014742,15,BUY
2017-01-03D21:44:08.390917,0.014824,10,BUY
2017-01-03D21:44:13.920629,0.015006,60,BUY
2017-01-03D21:45:47.491496,0.01493,100,SELL
2017-01-03D21:46:20.409536,0.015008,60,BUY
2017-01-03D21:48:11.770711,0.01493,200,SELL
2017-01-03D21:51:32.877006,0.015046,10,BUY
2017-01-03D21:52:02.440932,0.015117,50,BUY
2017-01-03D21:54:37.511547,0.01493,10,SELL
2017-01-03D21:54:37.511547,0.014906,990,SELL
2017-01-03D21:54:53.813415,0.015077,35,BUY
2017-01-03D21:55:28.821080,0.015035,11,BUY
2017-01-03D22:06:05.584897,0.014941,3,BUY
2017-01-03D22:06:41.280521,0.014867,10,SELL
2017-01-03D22:06:41.280521,0.014831,40,SELL
2017-01-03D22:07:36.017369,0.01488,5,BUY
2017-01-03D22:14:29.225838,0.014879,10,BUY
2017-01-03D22:31:24.954039,0.014925,100,BUY
2017-01-03D22:31:35.599795,0.015044,10,BUY
2017-01-03D22:31:35.599795,0.015077,90,BUY
2017-01-03D22:33:41.446139,0.015076,10,BUY
2017-01-03D22:35:10.797438,0.015121,10,BUY
2017-01-03D22:35:10.797438,0.015158,40,BUY
2017-01-03D22:51:06.288166,0.01524,200,BUY
2017-01-03D22:51:06.288166,0.015242,10,BUY
2017-01-03D22:51:06.288166,0.015246,10,BUY
2017-01-03D22:51:06.288166,0.015256,1730,BUY
2017-01-03D22:52:36.804955,0.01517,10,SELL
2017-01-03D22:54:24.749116,0.015099,10,SELL
2017-01-03D22:57:13.641190,0.015191,1500,BUY
2017-01-03D22:57:13.641190,0.015194,10,BUY
2017-01-03D22:57:53.920397,0.015207,250,SELL
2017-01-03D23:02:27.885886,0.015041,30,SELL
2017-01-03D23:02:45.154897,0.015019,100,SELL
2017-01-03D23:09:30.430726,0.015097,30,BUY
2017-01-03D23:09:30.430726,0.015102,10,BUY
2017-01-03D23:09:30.430726,0.01514,10,BUY
2017-01-03D23:15:21.646477,0.015045,30,BUY
2017-01-03D23:15:21.646477,0.015075,40,BUY
2017-01-03D23:17:50.339871,0.015186,30,BUY
2017-01-03D23:17:50.339871,0.015192,10,BUY
2017-01-03D23:17:50.339871,0.015216,40,BUY
2017-01-03D23:17:50.339871,0.015246,180,BUY
2017-01-03D23:19:33.605209,0.0151,10,SELL
2017-01-03D23:19:33.605209,0.015077,630,SELL
2017-01-03D23:22:09.370065,0.015128,10,SELL
2017-01-03D23:22:09.370065,0.015106,240,SELL
2017-01-03D23:30:31.838901,0.01526,70,BUY
2017-01-03D23:30:31.838901,0.015272,100,BUY
2017-01-03D23:31:34.992414,0.015309,150,BUY
2017-01-03D23:32:25.258711,0.015423,30,BUY
2017-01-03D23:36:55.763015,0.015539,10,BUY
2017-01-03D23:41:49.532595,0.015531,47,BUY
2017-01-03D23:42:51.964094,0.015508,10,BUY
2017-01-03D23:42:51.964094,0.01551,37,BUY
2017-01-03D23:51:13.688893,0.015329,5,BUY
2017-01-03D23:54:23.424108,0.01555,94,BUY
2017-01-03D23:54:38.308632,0.01555,12,BUY
2017-01-03D23:54:46.590674,0.01555,124,BUY
2017-01-03D23:54:46.590674,0.015577,76,BUY
2017-01-03D23:55:08.614865,0.015616,200,BUY
2017-01-03D23:55:39.781225,0.015616,10,BUY
2017-01-03D23:55:39.781225,0.015628,190,BUY
2017-01-03D23:55:42.395131,0.015635,200,BUY
2017-01-03D23:56:43.692176,0.015646,1750,SELL
2017-01-03D23:58:45.520094,0.015656,100,BUY
2017-01-03D23:59:17.656247,0.015656,10,BUY
2017-01-03D23:59:56.306166,0.015752,10,BUY
2017-01-03D23:59:56.306166,0.015767,990,BUY
2017-01-04D00:02:31.998073,0.015772,10,BUY
2017-01-04D00:02:42.823621,0.015773,10,BUY
2017-01-04D00:03:14.833274,0.015773,10,SELL
2017-01-04D00:03:20.691034,0.01567,30,SELL
2017-01-04D00:03:20.691034,0.015639,40,SELL
2017-01-04D00:03:20.691034,0.015631,100,SELL
2017-01-04D00:04:08.525028,0.015553,1750,SELL
2017-01-04D00:05:18.346228,0.01555,10,SELL
2017-01-04D00:05:18.346228,0.015496,260,SELL
2017-01-04D00:12:36.695687,0.015533,27,BUY
2017-01-04D00:16:54.195255,0.015533,250,BUY
2017-01-04D00:18:08.851225,0.015476,150,SELL
2017-01-04D00:20:30.543852,0.015473,30,SELL
2017-01-04D00:22:53.796655,0.015358,100,SELL
2017-01-04D00:23:27.465265,0.015288,30,SELL
2017-01-04D00:23:27.465265,0.015252,40,SELL
2017-01-04D00:23:27.465265,0.01523,10,SELL
2017-01-04D00:23:41.468129,0.015206,150,SELL
2017-01-04D00:23:41.468129,0.015193,1750,SELL
2017-01-04D00:23:41.468129,0.015174,100,SELL
2017-01-04D00:23:41.468129,0.015151,30,SELL
2017-01-04D00:23:43.875117,0.015128,110,BUY
2017-01-04D00:23:57.695063,0.015134,135,SELL
2017-01-04D00:29:46.818771,0.01514,2,SELL
2017-01-04D00:33:32.334341,0.01524,100,BUY
2017-01-04D00:33:32.334341,0.015305,30,BUY
2017-01-04D00:33:32.334341,0.015336,40,BUY
2017-01-04D00:33:32.334341,0.015366,10,BUY
2017-01-04D00:40:27.108426,0.01525,5,BUY
2017-01-04D00:43:15.317816,0.015443,30,BUY
2017-01-04D01:20:47.492709,0.015464,5,BUY
2017-01-04D01:20:47.492709,0.015465,100,BUY
2017-01-04D01:22:19.506433,0.015497,150,BUY
2017-01-04D01:26:36.585154,0.01558,1,BUY
2017-01-04D01:27:14.865044,0.015618,30,BUY
2017-01-04D01:34:39.798239,0.015542,1223,SELL
2017-01-04D01:35:36.958549,0.015483,30,SELL
2017-01-04D01:57:27.343285,0.015629,30,BUY
2017-01-04D02:00:50.372419,0.015739,30,BUY
2017-01-04D02:02:32.727732,0.015745,5,BUY
2017-01-04D02:19:46.855664,0.0158,5,BUY
2017-01-04D02:19:46.855664,0.015812,145,BUY
2017-01-04D02:20:05.992570,0.015863,100,BUY
2017-01-04D02:20:25.007716,0.015864,30,BUY
2017-01-04D02:21:01.696062,0.016,1,BUY
2017-01-04D02:21:04.125165,0.016,170,BUY
2017-01-04D02:21:18.481579,0.016,500,BUY
2017-01-04D02:21:53.592030,0.016,100,BUY
2017-01-04D02:22:44.277461,0.016,20,BUY
2017-01-04D02:23:33.333049,0.016,10,BUY
2017-01-04D02:24:06.736473,0.016,100,BUY
2017-01-04D02:36:37.588810,0.015918,10,SELL
2017-01-04D02:39:13.782634,0.015864,155,SELL
2017-01-04D02:39:31.753528,0.015864,595,SELL
2017-01-04D02:39:31.753528,0.015863,30,SELL
2017-01-04D02:46:36.353900,0.015799,30,SELL
2017-01-04D02:46:36.353900,0.015798,80,SELL
2017-01-04D02:46:36.353900,0.015798,10,SELL
2017-01-04D02:46:36.353900,0.015752,40,SELL
2017-01-04D02:46:36.353900,0.015743,760,SELL
2017-01-04D02:52:43.231594,0.015926,1,BUY
2017-01-04D02:53:02.947359,0.01575,1,SELL
2017-01-04D03:04:19.250186,0.01575,10,SELL
2017-01-04D03:04:19.250186,0.015745,40,SELL
2017-01-04D03:38:10.591520,0.015795,1,BUY
2017-01-04D03:38:10.591520,0.015813,30,BUY
2017-01-04D03:38:10.591520,0.015924,19,BUY
2017-01-04D03:40:53.589114,0.015924,30,BUY
2017-01-04D03:40:53.589114,0.015941,70,BUY
2017-01-04D03:43:57.170788,0.015812,50,BUY
2017-01-04D04:00:49.103875,0.0157,1,SELL
2017-01-04D04:06:25.622310,0.0157,70,SELL
2017-01-04D04:08:00.571353,0.0157,599,SELL
2017-01-04D04:13:43.111685,0.015685,30,SELL
2017-01-04D04:24:19.296553,0.015677,67,SELL
2017-01-04D04:31:59.783965,0.015515,272,SELL
2017-01-04D05:11:51.620674,0.015484,50,SELL
2017-01-04D05:18:52.201065,0.015444,30,SELL
2017-01-04D05:18:52.201065,0.01544,10,SELL
2017-01-04D05:18:52.201065,0.015422,660,SELL
2017-01-04D07:20:01.647387,0.015627,40,BUY
2017-01-04D07:20:01.647387,0.015662,30,BUY
2017-01-04D08:02:08.592400,0.015591,29,BUY
2017-01-04D08:02:13.174757,0.015591,2,BUY
2017-01-04D08:09:05.748887,0.015429,30,SELL
2017-01-04D08:09:05.748887,0.015422,30,SELL
2017-01-04D08:33:18.824488,0.015591,60,BUY
2017-01-04D08:50:36.786678,0.015591,50,BUY
2017-01-04D08:56:31.018057,0.015591,59,BUY
2017-01-04D08:59:03.563568,0.015656,30,BUY
2017-01-04D09:07:44.617865,0.015791,50,BUY
2017-01-04D09:15:45.102473,0.015792,50,BUY
2017-01-04D09:34:53.781575,0.015791,5,SELL
2017-01-04D09:58:31.453522,0.0159,10,BUY
2017-01-04D09:58:31.453522,0.015909,40,BUY
2017-01-04D10:02:04.320644,0.015909,150,BUY
2017-01-04D10:03:43.695482,0.01591,100,BUY
2017-01-04D10:04:41.904503,0.015949,150,BUY
2017-01-04D10:16:08.937805,0.01599,200,BUY
2017-01-04D10:23:03.873342,0.016,50,BUY
2017-01-04D10:29:19.644468,0.015854,350,SELL
2017-01-04D11:02:11.650255,0.015813,30,SELL
2017-01-04D11:02:11.650255,0.015781,40,SELL
2017-01-04D11:02:11.650255,0.015671,50,SELL
2017-01-04D11:02:11.650255,0.015644,1650,SELL
2017-01-04D11:07:21.295114,0.015529,100,SELL
2017-01-04D11:07:51.632295,0.015422,30,SELL
2017-01-04D11:08:06.907778,0.0154,10,SELL
2017-01-04D11:08:06.907778,0.0154,151,SELL
2017-01-04D11:42:28.073232,0.015705,100,BUY
2017-01-04D11:44:25.141040,0.015862,150,BUY
2017-01-04D11:47:14.610177,0.015972,750,BUY
2017-01-04D11:56:47.476961,0.0159,100,SELL
2017-01-04D12:42:43.599790,0.015863,1,BUY
2017-01-04D13:13:18.773618,0.015723,150,SELL
2017-01-04D13:13:26.684335,0.015723,150,SELL
2017-01-04D13:13:59.206915,0.015723,62,SELL
2017-01-04D13:47:02.863206,0.015602,100,SELL
2017-01-04D13:52:54.500300,0.015448,100,SELL
2017-01-04D13:52:54.802620,0.015448,50,SELL
2017-01-04D13:52:54.802620,0.015404,90,SELL
2017-01-04D14:03:05.709422,0.01535,1,SELL
2017-01-04D14:06:41.378136,0.01535,44,SELL
2017-01-04D14:06:41.378136,0.015304,56,SELL
2017-01-04D14:06:46.449639,0.015304,1,SELL
2017-01-04D14:07:19.793355,0.015441,1750,BUY
2017-01-04D14:07:19.793355,0.015481,10,BUY
2017-01-04D14:07:19.793355,0.015557,60,BUY
2017-01-04D14:07:59.973219,0.015559,4,BUY
2017-01-04D14:11:20.200209,0.015735,100,BUY
2017-01-04D14:11:20.200209,0.015781,1500,BUY
2017-01-04D14:15:45.891144,0.015888,150,BUY
2017-01-04D14:16:18.187150,0.015698,70,SELL
2017-01-04D14:28:18.438840,0.015672,100,SELL
2017-01-04D14:28:18.438840,0.01562,10,SELL
2017-01-04D14:28:18.438840,0.015523,150,SELL
2017-01-04D14:28:18.438840,0.015516,150,SELL
2017-01-04D14:28:18.438840,0.01547,389,SELL
2017-01-04D14:40:53.019649,0.015562,150,BUY
2017-01-04D14:48:22.693352,0.015678,100,BUY
2017-01-04D14:48:31.456429,0.015769,10,BUY
2017-01-04D14:48:44.230931,0.015771,10,BUY
2017-01-04D15:28:07.375999,0.015835,100,BUY
2017-01-04D15:57:02.996123,0.015835,150,BUY
2017-01-04D15:57:09.264541,0.015835,150,BUY
2017-01-04D16:02:14.079887,0.015887,100,BUY
2017-01-04D16:15:32.580504,0.015892,1,BUY
2017-01-04D16:30:29.909714,0.0159,1,BUY
2017-01-04D16:58:48.662353,0.015664,100,SELL
2017-01-04D17:04:28.002994,0.015676,10,BUY
2017-01-04D17:04:45.485654,0.015794,100,BUY
2017-01-04D17:17:49.081222,0.015717,1,BUY
2017-01-04D17:17:49.383614,0.015519,180,SELL
2017-01-04D18:18:37.858437,0.015706,100,BUY
2017-01-04D18:32:16.460969,0.01576,200,BUY
2017-01-04D18:32:16.460969,0.015762,300,BUY
2017-01-04D18:37:08.878645,0.015794,5,BUY
2017-01-04D18:47:20.306622,0.015861,150,BUY
2017-01-04D18:52:14.340277,0.015832,60,BUY
2017-01-04D18:58:33.278931,0.015858,5,BUY
2017-01-04D19:00:13.126340,0.015849,5,SELL
2017-01-04D19:35:09.439461,0.015632,5,SELL
2017-01-04D19:38:54.461934,0.015761,63,BUY
2017-01-04D21:04:16.727577,0.015809,10,BUY
2017-01-04D21:05:14.213224,0.015863,25,BUY
2017-01-04D21:05:35.305639,0.015888,25,BUY
2017-01-04D21:06:23.265490,0.015898,100,BUY
2017-01-04D21:06:23.265490,0.0159,50,BUY
2017-01-04D21:08:17.227811,0.0159,20,BUY
2017-01-04D21:08:17.227811,0.015952,11,BUY
2017-01-04D21:08:34.951858,0.016018,21,BUY
2017-01-04D21:09:26.751885,0.016047,30,BUY
2017-01-04D21:09:40.075793,0.0161,1,BUY
2017-01-04D21:09:41.458130,0.016138,11,BUY
2017-01-04D21:09:42.756096,0.016138,89,BUY
2017-01-04D21:09:42.756096,0.016142,150,BUY
2017-01-04D21:09:42.756096,0.016179,30,BUY
2017-01-04D21:10:16.510389,0.016363,70,BUY
2017-01-04D21:10:34.597934,0.016364,50,BUY
2017-01-04D21:10:34.597934,0.016365,100,BUY
2017-01-04D21:10:34.597934,0.016407,30,BUY
2017-01-04D21:10:34.597934,0.016426,820,BUY
2017-01-04D21:11:48.208946,0.016441,400,SELL
2017-01-04D21:21:10.833324,0.01637,150,BUY
2017-01-04D21:21:10.833324,0.016399,200,BUY
2017-01-04D21:21:10.833324,0.0164,200,BUY
2017-01-04D21:21:10.833324,0.0164,10,BUY
2017-01-04D21:21:10.833324,0.016418,1600,BUY
2017-01-04D21:22:21.527507,0.016439,50,BUY
2017-01-04D21:22:21.527507,0.01644,200,BUY
2017-01-04D21:31:12.979956,0.016221,52,SELL
2017-01-04D21:37:05.903686,0.016221,448,SELL
2017-01-04D21:37:05.903686,0.016218,400,SELL
2017-01-04D21:38:40.685661,0.016217,30,SELL
2017-01-04D21:42:50.621611,0.016163,200,SELL
2017-01-04D21:49:39.754806,0.016073,100,SELL
2017-01-04D22:23:03.407246,0.01618,10,BUY
2017-01-04D22:23:03.407246,0.016192,365,BUY
2017-01-04D22:28:47.844614,0.01592,10,SELL
2017-01-04D22:30:27.100395,0.015874,1750,SELL
2017-01-04D22:36:16.858070,0.015906,10,SELL
2017-01-04D22:36:16.858070,0.015824,400,SELL
2017-01-04D23:13:40.467782,0.016086,30,BUY
2017-01-04D23:23:14.468710,0.016136,950,SELL
2017-01-04D23:44:35.464197,0.016185,600,BUY
2017-01-04D23:48:12.516908,0.01627,10,BUY
2017-01-04D23:48:12.516908,0.016278,564,BUY
2017-01-05D00:04:46.733869,0.01627,10,BUY
2017-01-05D00:04:46.733869,0.016296,545,BUY
2017-01-05D00:21:00.681884,0.016391,10,BUY
2017-01-05D00:34:07.114094,0.0164,600,BUY
2017-01-05D00:34:07.114094,0.016402,10,BUY
2017-01-05D00:34:07.114094,0.016427,390,BUY
2017-01-05D01:14:05.074647,0.016219,5,SELL
2017-01-05D01:42:09.389156,0.016219,8,SELL
2017-01-05D01:43:47.546536,0.016199,7,SELL
2017-01-05D01:43:47.546536,0.016196,750,SELL
2017-01-05D02:33:47.859370,0.0162,10,SELL
2017-01-05D03:02:00.362817,0.016391,150,BUY
2017-01-05D03:02:01.505047,0.016391,150,BUY
2017-01-05D03:42:16.562393,0.01628,10,SELL
2017-01-05D03:42:16.562393,0.016269,30,SELL
2017-01-05D03:42:16.562393,0.016205,1490,SELL
2017-01-05D03:44:41.310802,0.016235,96,SELL
2017-01-05D03:44:41.310802,0.016204,30,SELL
2017-01-05D04:03:13.932331,0.01614,10,SELL
2017-01-05D04:03:13.932331,0.016105,1520,SELL
2017-01-05D04:09:03.778400,0.016074,30,SELL
2017-01-05D04:09:03.778400,0.016074,10,SELL
2017-01-05D04:09:03.778400,0.016042,15,SELL
2017-01-05D04:10:55.264714,0.016042,30,SELL
2017-01-05D04:10:55.264714,0.016042,98,SELL
2017-01-05D04:10:55.264714,0.016029,122,SELL
2017-01-05D04:34:34.389652,0.016012,150,SELL
2017-01-05D04:45:59.020971,0.016012,41,SELL
2017-01-05D04:45:59.020971,0.01601,9,SELL
2017-01-05D05:22:03.697333,0.01601,248,SELL
2017-01-05D05:31:25.924255,0.015851,30,SELL
2017-01-05D05:31:36.854622,0.015788,40,SELL
2017-01-05D05:31:36.854622,0.015788,30,SELL
2017-01-05D05:54:44.513258,0.015588,1000,SELL
2017-01-05D06:01:45.207843,0.015611,50,SELL
2017-01-05D06:03:04.469450,0.015845,30,BUY
2017-01-05D06:03:04.469450,0.015847,50,BUY
2017-01-05D06:03:57.299463,0.015844,10,BUY
2017-01-05D06:05:16.744170,0.015667,88,SELL
2017-01-05D06:05:16.744170,0.015661,12,SELL
2017-01-05D07:42:12.454080,0.015844,500,BUY
2017-01-05D08:20:17.488546,0.015734,200,SELL
2017-01-05D08:20:17.488546,0.015734,99,SELL
2017-01-05D08:20:17.488546,0.015723,30,SELL
2017-01-05D08:20:17.488546,0.01572,46,SELL
2017-01-05D09:07:33.176572,0.015791,10,SELL
2017-01-05D09:09:02.257551,0.015864,30,BUY
2017-01-05D09:15:23.977481,0.016054,200,BUY
2017-01-05D09:15:23.977481,0.016055,30,BUY
2017-01-05D09:21:39.359165,0.016006,200,BUY
2017-01-05D09:24:54.065991,0.016148,1548,BUY
2017-01-05D09:26:24.162727,0.016185,25,BUY
2017-01-05D09:27:33.246282,0.016,100,SELL
2017-01-05D09:34:11.123958,0.01618,10,BUY
2017-01-05D09:34:11.123958,0.016182,200,BUY
2017-01-05D09:34:11.123958,0.016182,290,BUY
2017-01-05D09:36:22.784435,0.016212,1750,BUY
2017-01-05D09:54:20.151648,0.016,400,SELL
2017-01-05D09:54:20.151648,0.01598,10,SELL
2017-01-05D10:01:58.467362,0.015952,5,BUY
2017-01-05D10:02:57.027372,0.015951,1,BUY
2017-01-05D10:13:29.107029,0.016,5,BUY
2017-01-05D10:27:50.696014,0.016,5,BUY
2017-01-05D10:42:04.964021,0.015894,50,SELL
2017-01-05D11:07:52.350783,0.01596,200,SELL
2017-01-05D11:07:52.350783,0.015959,200,SELL
2017-01-05D11:24:09.075086,0.016049,5,BUY
2017-01-05D11:50:16.885862,0.016099,1750,BUY
2017-01-05D11:51:09.312072,0.016093,200,SELL
2017-01-05D11:51:09.312072,0.016076,1550,SELL
2017-01-05D12:32:07.196940,0.015887,100,SELL
2017-01-05D12:32:07.196940,0.015886,50,SELL
2017-01-05D12:46:04.292120,0.016061,50,BUY
2017-01-05D12:56:14.228800,0.015977,100,SELL
2017-01-05D12:57:35.067022,0.01625,20,BUY
2017-01-05D12:57:35.067022,0.016369,1500,BUY
2017-01-05D12:57:35.067022,0.016373,230,BUY
2017-01-05D13:01:02.601615,0.016174,200,SELL
2017-01-05D13:01:02.601615,0.016172,80,SELL
2017-01-05D13:04:09.739846,0.01608,50,SELL
2017-01-05D13:09:04.934620,0.016081,1500,SELL
2017-01-05D13:11:19.184269,0.01608,200,SELL
2017-01-05D13:15:14.666413,0.016119,200,SELL
2017-01-05D13:15:14.666413,0.016118,150,SELL
2017-01-05D13:20:23.575852,0.01629,100,BUY
2017-01-05D13:20:23.575852,0.016323,120,BUY
2017-01-05D13:21:43.950306,0.016391,10,BUY
2017-01-05D13:21:55.708937,0.016296,97,SELL
2017-01-05D13:21:55.708937,0.016295,200,SELL
2017-01-05D13:22:15.172324,0.016294,203,BUY
2017-01-05D13:25:27.871508,0.016251,200,SELL
2017-01-05D13:25:32.284801,0.01625,100,SELL
2017-01-05D13:25:32.284801,0.016241,419,SELL
2017-01-05D13:27:45.690473,0.016243,100,SELL
2017-01-05D13:32:33.791905,0.01614,30,SELL
2017-01-05D13:32:33.791905,0.016063,100,SELL
2017-01-05D13:32:33.791905,0.016031,120,SELL
2017-01-05D13:32:33.791905,0.015999,140,SELL
2017-01-05D13:54:01.009914,0.01604,100,BUY
2017-01-05D13:55:20.345159,0.016037,1750,SELL
2017-01-05D14:17:10.427678,0.016027,76,SELL
2017-01-05D14:56:29.793107,0.016026,2,SELL
2017-01-05D15:07:51.046992,0.016028,200,SELL
2017-01-05D15:08:41.824119,0.016155,200,BUY
2017-01-05D15:08:41.824119,0.016156,200,BUY
2017-01-05D15:18:52.466880,0.016026,1,SELL
2017-01-05D15:53:05.195782,0.016058,100,BUY
2017-01-05D18:10:35.687960,0.016212,1,BUY
2017-01-05D18:10:47.250849,0.016212,1,BUY
2017-01-05D18:10:48.726021,0.016212,1,BUY
2017-01-05D18:14:16.892281,0.016228,3,BUY
2017-01-05D18:14:18.636575,0.016228,3,BUY
2017-01-05D18:26:12.027931,0.016116,10,SELL
2017-01-05D19:39:32.442972,0.016075,10,SELL
2017-01-05D19:39:32.442972,0.015996,81,SELL
2017-01-05D21:56:05.094997,0.0159,5,SELL
2017-01-05D22:29:21.553150,0.0159,430,SELL
2017-01-05D23:08:00.812263,0.015901,9,SELL
